2242 3542
45 2 353 96 κλμ-«ψωλὴν.
382 2 710 93 &iulxpdplm
909 82 911 85 Ι

259 148 329 197 ΙιῙΒ.
345 148 379 208 I.‚
396 147 474 196 CAP.
492 147 780 207 XXXV.-XXXVII.,
797 146 811 205 ᾖ
827 149 948 196 128-133,
982 150 1028 196 105

181 242 245 285 mur
257 231 288 283 in
302 232 431 301 ingressu
445 229 630 289 mollioribus,
643 235 676 282 ut
688 246 853 299 pomparum
866 229 980 284 ferculis
994 231 1029 284 si-

181 312 263 365 miles
275 328 333 365 esse
343 312 497 379 videamur,
507 316 558 365 aut
567 312 597 363 in
607 310 833 364 festinationibus
846 312 1030 381 suscipiamus

182 393 284 464 nimias
295 393 458 459 celeritates,
469 409 540 461 quae
552 409 617 445 cum
630 392 709 455 fiunt,
720 392 861 449 anhelitus
874 397 1028 460 moventur,

181 475 278 526 vultus
299 478 451 540 mutantur,
468 490 519 527 ora
539 478 785 545 torquentur:'.err
805 473 907 541 quibus
928 490 1030 543 magna

181 554 352 622 significatio
370 554 403 607 fit
423 571 480 606 non
504 554 600 607 adesse
622 554 816 608 constantiam.
862 554 918 607 Sed
939 556 1030 607 multo

181 634 266 686 etiam
281 634 370 703 magis
382 634 585 689 elaborandum
598 638 685 687 estne
698 634 785 687 animi
798 639 891 687 motus
903 651 919 686 a
932 640 1030 688 natura

183 717 328 769 recedant:
351 717 429 784 quod
444 716 637 783 adsequamur,
651 715 675 767 si
693 716 854 769 cavebimus
872 733 907 769 nc
925 716 955 768 in
971 732 1030 786 per-

182 796 355 849 turbationes
365 802 449 864 atque
460 796 682 849 exanimationes
694 796 852 849 incidamus
864 802 899 861 ct,
907 797 932 849 si
942 804 1030 849 atten-

182 885 227 928 tos
237 877 392 929 animosas]
402 876 511 929 decoris
521 876 761 929 conservationem
772 876 937 930 tenebimus.
970 879 1029 932 132,

183 957 279 1009 Motus
294 962 389 1009 autem
403 957 560 1009 animorum
574 956 703 1024 duplices
720 962 794 1022 sunt,
807 957 887 1009 alteri
902 956 1031 1025 cogitati·

183 1037 255 1103 onis,
271 1037 353 1089 alteri
372 1036 522 1105 appetitus.
560 1036 705 1105 Cogitatio
724 1036 753 1088 iu
772 1053 838 1089 vcro
857 1038 1030 1104 exquirendo

149 1144 152 1149 ·
184 1117 306 1169 maxime
318 1121 450 1183 versatur,
459 1116 602 1185 appetitus
615 1116 737 1185 impellit
748 1118 786 1169 sd
797 1118 946 1185 agendum.
978 1118 1031 1170 Cu-

134 1239 136 1242 .
184 1197 303 1250 randum
318 1204 360 1250 est
372 1197 461 1267 igitur
473 1197 690 1266 utcogitatiorre
703 1198 742 1250 ad
755 1214 798 1249 res
810 1214 895 1265 quam
910 1198 1032 1267 optimas
1048 1220 1083 1249 a.

184 1289 303 1345 utamur,
322 1278 481 1348 appetitum
501 1274 605 1331 rationi
623 1278 821 1331 oboedientem
841 1281 1029 1347 praebeamus

183 1361 331 1415 XXXVII.
354 1361 392 1411 Et
407 1358 540 1427 quoniam
556 1375 659 1427 magna
674 1358 718 1411 vis
733 1359 869 1411 orationis
888 1365 929 1412 est
944 1376 1030 1429 eaque

183 1440 298 1509 duplex,
311 1441 398 1492 altera
415 1438 612 1504 contentionis,
625 1439 712 1491 altera
731 1439 873 1505 sermonis,
887 1441 1031 1493 contentio

183 1519 438 1590 disceptationibus
451 1519 593 1571 tribuatur
609 1518 786 1583 iudiciorum,
803 1519 975 1588 contionum,
991 1536 1032 1573 se-

184 1606 276 1665 natus,
293 1616 384 1653 sermo
405 1599 435 1652 in
457 1599 576 1665 circulis,
594 1599 842 1668 disputationibus,
861 1601 1032 1670 congressio-

185 1681 268 1734 nibus
286 1680 467 1741 familiariurn
485 1684 619 1745 versetur,
635 1686 769 1747 sequatur
787 1681 874 1734 etiam
892 1682 1029 1735 convivia.

184 1762 381 1815 Contentionis
392 1767 543 1830 praecepta
554 1761 698 1814 rhetorum
712 1768 786 1829 sunt,
797 1763 874 1815 nulls
889 1749 1031 1832 sermonis,

184 1860 355 1911 quamquam
375 1842 451 1895 baud
472 1841 531 1894 scio
552 1858 589 1893 arr
611 1842 720 1911 possint
738 1842 809 1895 lracc
829 1860 942 1911 quoque
964 1861 1030 1898 esse.

186 1924 242 1977 Sed
258 1922 427 1977 discentium
438 1921 542 1973 studiis
556 1922 739 1975 inveniuntur
754 1923 889 1991 magistri,
903 1924 969 1977 huic
985 1942 1031 1977 au·

187 2007 244 2055 tem
261 2004 311 2071 qui
331 2003 466 2055 studeant
484 2007 549 2053 sunt
569 2002 649 2060 nulli,
666 2003 808 2055 rhetorum
828 2005 910 2055 turba
931 2004 1031 2059 referta

186 2083 288 2136 omnis.
326 2084 502 2149 Quamquam
519 2098 593 2149 quae
610 2082 756 2135 vorborum
775 2085 1030 2153 sententiarumque

187 2169 334 2233 praecepta
344 2168 417 2227 sunt,
425 2164 522 2215 eadem
533 2163 569 2214 ad
580 2178 735 2215 sermonem
745 2164 934 2231 pertinebunt
971 2170 1029 2221 133.

186 2246 243 2297 Sed
259 2262 323 2297 cum
339 2244 475 2297 orationis
493 2244 617 2297 iudicem
632 2260 728 2297 vocem
744 2245 904 2315 babeamus,
917 2247 947 2300 in
962 2265 1031 2303 voce

185 2325 280 2379 autem
294 2327 352 2379 duo
368 2342 523 2393 sequamur,
534 2331 567 2378 ut
577 2327 652 2378 clara
666 2326 712 2392 sit,
722 2332 754 2378 ut
769 2327 869 2395 suavis,
883 2332 1045 2399 utrumque·

185 2408 302 2459 omnino
317 2424 334 2460 a
348 2413 447 2459 natura
459 2407 613 2475 petendum
624 2411 676 2474 est,
686 2424 781 2461 verum
794 2409 911 2463 alterum
928 2385 1044 2465 exeret-¹

185 2489 257 2541 tatio
276 2488 399 2558 augebit,
415 2489 534 2540 alterum
554 2488 677 2540 imitatio
696 2504 787 2557 presse
806 2489 982 2557 loquentium
1002 2497 1048 2558 etl,

166 2612 169 2616 ,
185 2569 291 2624 leniter.
328 2569 410 2622 Nihil
422 2568 476 2621 fuit
487 2569 517 2620 in
533 2569 648 2635 Catulis,
659 2574 691 2621 ut
706 2586 752 2621 eos
767 2570 908 2637 exquisito
923 2571 1030 2624 iudicio
1043 2561 1048 2597 ¹

186 2656 298 2719 putares
316 2649 359 2701 uti
377 2649 540 2714 litterarum,
554 2665 725 2717 quamquam
746 2656 824 2701 erant
841 2650 965 2719 litterati,
981 2654 1030 2705 scd

184 2737 215 2782 et
227 2732 283 2798 alii,
294 2730 324 2782 lri
339 2737 432 2783 autem
447 2730 554 2799 optime
570 2730 612 2781 uti
627 2730 724 2799 lingua
736 2730 836 2783 Latina
850 2734 1029 2800 putabantur.

186 2810 277 2862 Sonus
292 2814 351 2862 erat
366 2810 466 2875 dulcis,
480 2811 589 2862 litterae
607 2826 697 2877 neque
712 2827 857 2879 expressae
875 2828 965 2880 noque
982 2829 1030 2882 op·
1055 2816 1090 2877 ιε’,

186 2906 303 2959 pressae,
313 2907 348 2943 ne
364 2896 413 2943 aut
425 2890 579 2942 obscurum
595 2897 665 2942 esset
680 2896 728 2943 aut
742 2892 882 2959 putidum,
894 2892 952 2945 siue
967 2908 1043 2965 con-r,

186 2971 313 3023 tentione
322 2988 378 3024 vox
390 2988 442 3024 nec
450 2972 586 3039 languens
599 2987 650 3022 nee
662 2986 771 3025 canora
810 2972 928 3025 Uberior
941 2974 1030 3027 oratio

187 3052 219 3103 L.
231 3052 319 3105 Crassi
335 3068 386 3103 nee
403 3052 496 3103 minus
510 3051 609 3116 tacete,
624 3052 674 3103 sed
690 3052 760 3103 bene
777 3052 914 3118 loquendi
930 3053 965 3106 de
980 3054 1030 3107 Ca-

185 3132 255 3186 tulis
273 3132 369 3202 opinio
386 3148 442 3184 non
458 3138 556 3185 minor,
595 3131 658 3184 Sale
674 3148 739 3183 vero
758 3138 785 3184 et
800 3131 907 3185 facetiis
923 3134 1028 3202 Caesar,
