2242 3542
357 134 446 182 uATO
464 134 596 182 MAJOu.
631 134 708 183 CAP.
727 134 804 182 Xl'l.
896 26 941 130 ld
975 136 1003 182 ra

154 214 226 269 euim
246 232 299 269 nou
318 215 397 283 longe
416 232 433 268 a
451 232 504 282 me,
525 216 656 269 admirari
676 216 743 269 satis
761 233 814 268 non
833 232 942 284 possum
960 214 1005 269 vcl

153 289 269 345 hominis
285 290 370 359 ipsius
386 292 580 345 continentiam
597 293 639 344 vel
656 298 811 361 temporum
828 233 1024 360 disciplinanr.l

152 366 234 419 Ourio
248 366 284 419 ad
298 366 387 419 focum
402 368 510 421 sedenti
527 364 656 435 magnum
668 369 728 421 auri
745 368 852 435 pondus
869 368 1005 421 Sanmites

151 458 236 508 quum
250 442 417 509 attulissent,
435 443 573 511 repudiati
591 448 670 507 sunt;
690 461 743 497 non
759 445 831 496 eninr
846 461 942 497 aurum
961 443 1032 647 lua-p

151 515 217 572 bere
231 518 400 586 praeclarum
418 518 471 571 sibi
487 520 574 572 videri
589 520 668 586 dixit,
692 520 742 574 sed
758 520 791 573 iis
808 520 855 589 qui
871 519 1004 575 habereut

151 610 248 647 aurum
260 596 402 668 imperare.
437 602 477 649 56.
498 595 646 649 Poteratne
659 601 753 650 tantus
766 596 871 649 animus
883 614 936 649 non
949 597 1004 649 effi-

151 687 213 723 cere
220 670 372 737 jucundam
386 673 574 725 senectutem?
612 672 668 725 Sed
680 674 759 726 venio
771 673 806 725 ad
819 673 958 740 agricolas,
969 672 1010 725 ue'

151 764 168 799 a
181 749 298 815 meipso
317 748 450 801 recedam.
492 749 525 801 ln
545 750 618 816 agris
637 755 716 803 eraut
734 753 794 803 tum
812 753 959 816 senatores,
974 750 1004 802 id
1026 781 1049 831 ,s

151 826 194 876 est
206 840 300 887 senes3
319 824 454 891 siquidem
473 826 562 878 aranti
581 826 610 877 h.
624 825 751 888 Quinctio
764 826 923 879 Cincinnato
938 842 1004 879 nun-

151 900 250 952 tiatum
262 904 305 953 cst
318 917 380 952 cum
395 899 557 954 dictatorem
571 919 631 954 osse
647 901 756 965 iactum,
770 902 849 968 cujus
861 902 1003 955 dictatoris

151 974 228 1041 jussu
245 977 376 1043 viragistcr
390 976 514 1044 equitum
528 976 556 1029 Ο.
571 977 701 1030 Servilius
715 978 803 1030 Ahala
816 978 860 1046 Sp.
873 978 1002 1031 Maelium

151 1068 266 1119 regnum
285 1057 460 1120 appetentem
483 1058 644 1121 occupatum
664 1054 811 1108 interemit.
846 1059 872 1109 Α
892 1055 1002 1108 villain

152 1131 275 1181 senatum
287 1128 494 1181 arcessebantur
509 1133 538 1183 ot
548 1130 648 1183 Curius
660 1135 690 1183 ct
701 1132 787 1184 ceteri
799 1149 886 1197 sones,
900 1148 934 1184 ex
948 1150 1002 1199 quo

152 1205 198 1273 qui
212 1220 258 1257 eos
271 1206 445 1259 arcessebant
458 1207 578 1259 viatores
591 1208 723 1260 nominati
736 1212 806 1261 sunt.
831 1210 904 1262 Num
917 1209 1001 1276 igitur
1025 1276 1030 1281 .

152 1280 246 1334 horum
264 1286 389 1335 senectus
401 1282 565 1336 miserabilis
581 1283 634 1335 fuit
646 1284 693 1351 qui
710 1301 739 1337 se
753 1285 812 1351 agri
825 1285 942 1338 cultione
954 1285 1001 1337 ob·
1049 1322 1058 1331 .

152 1357 304 1411 lectabantl
342 1358 406 1411 Mea
424 1358 536 1425 quidem
556 1360 692 1412 sententia
710 1360 784 1413 haud
803 1362 858 1429 scio
875 1378 910 1414 an
928 1361 1024 1418 nullas

152 1431 256 1486 beatior
272 1435 358 1502 possit
375 1452 442 1500 esse,
459 1451 547 1503 neque
565 1434 652 1488 solum
664 1436 758 1500 officio,
771 1438 845 1503 quod
861 1438 1000 1489 homiuum
1023 1427 1027 1471 ἶ

128 1511 243 1577 -generi
263 1511 388 1564 universo
408 1511 516 1563 cultura
538 1528 665 1579 agrorum
686 1517 729 1565 est
748 1512 883 1581 salutaris,
902 1513 951 1566 sed
972 1517 1001 1566 et

151 1585 331 1639 delectatione
351 1603 433 1655 quam
456 1587 521 1653 dixi,
542 1591 572 1654 et
592 1588 739 1641 saturitate
758 1590 889 1657 copiaque
909 1606 1000 1641 rerum

151 1663 269 1716 omnium
291 1681 361 1732 quae
385 1664 421 1716 ad
443 1665 544 1717 victum
568 1663 716 1732 hominum,
736 1666 773 1718 ad
793 1667 896 1719 cultum
917 1666 999 1719 etiam

78 1758 82 1763 ·
151 1738 264 1811 deorum
283 1740 436 1807 pertinent;
467 1743 505 1805 ut,
525 1741 653 1809 quoniam
672 1742 739 1795 haec
762 1742 873 1812 quidam
894 1742 1014 1807 deside-l

151 1819 220 1881 rant,
236 1817 263 1867 in
275 1816 391 1883 gratiam
401 1817 458 1883 jam
472 1834 534 1870 cum
546 1817 687 1883 voluptate
700 1820 852 1873 redeamus.
888 1812 1018 1887 Semper's

84 1904 87 1909 ·
151 1892 223 1943 enim
239 1893 301 1945 boni
318 1892 475 1961 assiduique
488 1893 591 1945 domini
609 1894 712 1947 referta
727 1896 795 1948 cella
806 1895 916 1961 vinaria,
929 1896 1000 1947 olea-

151 1968 198 2032 ria,
213 1970 294 2022 etiam
310 1968 421 2037 penaria
436 1974 486 2034 est,
499 1969 618 2038 villaque
634 1974 693 2023 tota
707 1971 827 2039 locuples
843 1974 899 2024 est:
916 1970 1000 2023 abun-

150 2043 199 2098 dat
210 2062 299 2113 porco,
313 2045 407 2113 hacd0,
420 2062 498 2113 agne,
510 2045 618 2111 gallina,
632 2046 710 2112 lactc,
724 2064 810 2113 caseo,
824 2046 911 2099 mello.
934 2048 953 2099 J
956 2064 1000 2099 am

150 2121 259 2173 hortum
272 2120 323 2188 ipsi
336 2122 469 2188 agricolae
481 2120 629 2173 succidiam
639 2122 753 2174 alteram
764 2122 908 2189 appellant.
931 2123 1000 2176 Cou-

150 2196 251 2249 ditiora
269 2197 334 2249 iacit
352 2197 419 2249 haec
437 2197 631 2264 supervacanei
650 2198 733 2250 ctiam
750 2198 838 2264 operis
854 2199 998 2266 aucupium

150 2278 233 2340 atque
253 2274 366 2326 venatio.
403 2278 443 2329 57.
476 2273 548 2337 Quid
570 2272 605 2325 de
627 2279 767 2341 pratorum
789 2274 928 2327 viriditate
951 2279 999 2328 aut

141 2342 276 2403 ¹arborum
301 2349 441 2403 ordinibus
463 2352 511 2403 aut
531 2350 669 2403 vinearum
691 2350 885 2403 olivetorumve
909 2352 998 2418 specie

64 2467 68 2476 ,
102 2474 106 2479 ,
150 2426 253 2479 dicami
293 2426 374 2479 Brevi
391 2426 560 2495 praecidam:
580 2420 811 2493 agrebeneculto
824 2426 890 2478 nihil
906 2431 998 2494 potest

150 2518 209 2555 esse
224 2519 274 2556 nec
290 2520 339 2555 usu
354 2502 464 2556 uberius
480 2518 530 2554 uec
546 2503 637 2571 specie
649 2504 778 2568 ornatius,
796 2502 831 2553 ad
847 2520 928 2569 quem
943 2503 997 2555 iru-

59 2574 67 2584 ”
139 2578 250 2651 ¹endum
274 2596 327 2633 uon
352 2580 432 2633 modo
451 2596 504 2633 non
529 2578 661 2646 retardat,
681 2596 774 2632 verum
794 2580 877 2632 ctiam
899 2580 997 2633 invitat

149 2658 233 2722 atque
245 2654 356 2709 allectat
368 2660 499 2709 senectus.
537 2655 592 2726 Ubi
607 2656 679 2707 enim
694 2660 786 2724 potest
800 2656 846 2708 illa
860 2660 935 2709 aetas
950 2661 997 2709 aut

149 2732 282 2784 calescere
300 2733 343 2785 vel
364 2733 530 2799 apricatione
551 2732 648 2784 melius
668 2732 793 2799 religni,
813 2736 861 2784 aut
879 2733 996 2785 vicissim

149 2808 252 2861 umbris
270 2809 382 2877 aquisve
401 2810 558 2876 refrigerari
578 2808 729 2862 salubriusl
766 2815 806 2862 58.
836 2808 893 2861 Sibi
913 2810 997 2876 igitur

71 2884 74 2889 '
149 2883 267 2937 habeant
290 2902 373 2948 arma,
393 2884 444 2937 sibi
465 2901 557 2952 equos,
579 2884 631 2937 sibi
655 2884 754 2950 hastas,
775 2885 827 2938 sibi
847 2885 949 2937 clavam
968 2889 997 2938 ct

149 2959 239 3027 pilam,
260 2961 312 3013 sibi
331 2960 484 3013 natationes
503 2963 588 3028 atque
607 2976 714 3013 cursus:
738 2960 816 3012 nobis
834 2960 943 3012 senibus
962 2976 997 3013 ex

148 3036 296 3091 lusionibus
318 3036 411 3088 multis
433 3036 503 3089 talos
526 3036 681 3104 relinquant
704 3040 732 3089 ct
750 3040 886 3100 tesseras3
911 3035 940 3087 id
958 3034 998 3103 ip-

147 3130 206 3167 sum
224 3118 256 3167 ut
274 3112 387 3178 iubebit,
406 3112 533 3180 quoniam
552 3112 610 3165 sine
628 3112 670 3165 iris
688 3112 771 3165 beata
791 3128 851 3164 csse
873 3116 998 3165 senectus

147 3193 246 3259 potest.
