2242 3542
240 168 309 217 LIB.
327 168 389 228 111,
406 168 485 216 CAP.
502 167 738 227 xxx-XXXII,
756 165 772 226 ἓ
788 170 908 216 lun-114.
953 170 997 219 187

154 252 261 320 aliquid
277 256 375 303 contra
392 254 501 319 patrem
520 250 710 316 arbitraretur,
723 250 842 302 surrexit
861 266 876 302 e
895 248 998 303 lectulo

153 333 324 400 remotisque
343 329 456 383 arbitris
475 331 555 382 adse
575 332 782 400 adolescentem
801 330 882 383 iussit
896 333 997 385 venire.

153 414 193 466 At
205 414 261 480 ille,
272 418 304 464 nt
318 412 462 481 ingressus
477 416 527 478 cst,
540 410 689 463 confestim
704 412 833 479 gladium
849 412 998 464 destrinxit

153 493 313 560 iuravitque
332 508 360 544 se
379 491 460 543 illum
479 489 575 544 statim
594 490 813 558 interfecturum,
827 492 882 544 nisi
896 492 940 545 ius
958 493 999 545 in-

153 575 272 627 randnm
284 573 339 625 sibi
352 572 476 625 dedisset
489 588 518 624 se
529 576 639 641 patrem
652 571 765 623 missurn
782 588 839 624 esse
852 572 998 627 iacturum.

153 655 259 708 Iuravit
271 655 325 707 hoc
337 658 441 707 terrore
454 658 569 705 coaetus
581 652 768 721 Pomponius:
787 669 845 705 reru
861 655 897 705 ad
910 670 999 723 popu-

154 737 211 788 lum
227 735 337 802 detulit,
348 734 447 787 docuit
459 750 509 787 cur
523 733 578 786 sibi
594 748 676 785 eausa
689 733 820 785 desistere
836 750 944 786 neeesse
960 750 999 786 cs-

154 823 203 882 set,
217 816 354 868 Manlium
372 816 488 867 missurn
503 814 578 868 feeit.
616 814 737 865 Tantum
753 814 925 882 temporibus
943 815 999 867 illis

154 897 197 948 ins
215 897 366 948 iurandum
381 896 500 948 valebat.
538 894 633 962 Atque
653 894 699 946 hie
717 895 748 948 T.
762 895 885 947 Manlius
904 896 929 947 is
948 902 998 963 est,

154 976 204 1043 qni
219 976 255 1027 ad
268 976 406 1027 Anienem
419 975 502 1042 Galli,
513 990 597 1042 quern
612 976 648 1027 ab
663 992 696 1027 eo
708 980 876 1043 provocatus
891 977 1000 1029 occide·

154 1063 205 1124 rat,
224 1062 323 1125 torque
345 1057 473 1109 detracto
493 1072 649 1125 cognomen
670 1056 793 1110 invenit:
817 1057 895 1110 euius
915 1058 999 1110 tertio

154 1139 300 1191 consulatu
313 1138 407 1191 Latini
421 1138 459 1190 ad
469 1138 593 1192 Veserim
606 1137 662 1190 fusi
675 1143 703 1190 et
715 1137 815 1207 fugati,
827 1155 944 1209 magnus
957 1139 1001 1190 vir

154 1218 297 1288 inprimis
311 1223 339 1271 et
353 1218 400 1288 qui
417 1218 620 1288 perindulgens
634 1219 664 1270 in
680 1225 796 1288 patrem,
809 1220 886 1273 idem
901 1220 1000 1273 acerbe

155 1317 266 1353 severus
278 1301 308 1352 in
320 1300 419 1355 filium.

189 1382 308 1435 XXXII.
347 1384 406 1434 113.
423 1381 487 1447 Sed,
497 1385 530 1432 ut
542 1380 702 1433 laudandus
712 1382 838 1451 Regulus
850 1382 880 1433 in
893 1398 999 1434 conser-

154 1463 247 1514 vando
263 1462 322 1513 iure
337 1461 465 1529 iurando,
479 1461 519 1514 sie
535 1462 632 1514 decern
648 1461 698 1529 illi,
710 1478 780 1530 quos
794 1466 859 1531 post
875 1463 999 1529 Oapnen·

155 1559 213 1595 sem
224 1559 351 1612 pugnam
366 1542 472 1595 iuratos
487 1543 525 1595 ud
537 1548 664 1594 senatum
679 1542 756 1595 misit
769 1543 911 1595 Hannibal
926 1560 955 1595 se
970 1544 999 1594 in

155 1629 244 1677 eastra
257 1623 398 1676 redituros
410 1640 451 1690 ea,
465 1638 585 1691 quornm
601 1627 679 1676 erant
692 1624 777 1692 potiti
789 1624 885 1689 Poeni,
896 1624 951 1676 nisi
964 1625 999 1676 de

154 1705 327 1759 redimendis
346 1704 466 1773 captivis
484 1704 717 1774 impetravissent,
731 1705 754 1759 si
772 1722 828 1757 non
847 1705 999 1773 redierunt,

154 1786 343 1855 vituperandi.
380 1787 423 1837 De
439 1785 541 1853 quibus
555 1801 614 1837 non
630 1802 725 1837 omnes
743 1802 799 1837 uno
814 1786 915 1839 modo:
934 1803 999 1839 nam

155 1866 297 1934 Polybius,
308 1868 399 1918 bonus
412 1871 510 1917 auctor
526 1865 675 1933 inprimis
692 1880 726 1915 ex
746 1867 843 1919 decem
861 1866 1000 1919 nobilissi-

155 1947 216 2014 mis,
227 1946 276 2015 qui
288 1953 349 1998 tum
365 1950 446 1997 erant
457 1944 541 2011 missi,
552 1960 654 1995 novem
667 1945 818 2013 revertisse,
830 1963 845 1997 u
858 1952 955 1999 senatu
971 1962 999 1997 re

156 2044 212 2079 non
221 2028 384 2096 impetrata:
404 2041 490 2077 unum
503 2040 538 2076 ex
552 2024 657 2090 decern,
668 2024 717 2092 qui
730 2026 826 2093 paullo
838 2032 903 2093 post
917 2042 999 2094 quam

156 2115 215 2160 erut
229 2122 356 2175 egressus
371 2122 386 2157 e
401 2104 499 2157 eastris
513 2104 632 2157 redisset
645 2104 724 2172 quasi
740 2105 850 2172 aliquid
866 2113 936 2159 esset
951 2108 999 2159 ob·

156 2189 231 2254 litus,
244 2189 350 2239 Romae
364 2185 534 2239 remansisse,
572 2185 679 2238 Redito
694 2186 767 2239 enim
783 2187 813 2238 in
829 2192 918 2240 castra
933 2188 1000 2240 libe-

157 2274 245 2321 ratum
259 2286 287 2320 se
300 2283 359 2319 esse
371 2266 432 2318 inre
444 2266 563 2317 iurando
578 2266 823 2335 interpretabatur,
837 2284 893 2319 non
910 2274 996 2320 recte:

156 2350 231 2402 fraus
251 2348 326 2400 enim
345 2346 497 2415 distringit,
511 2362 568 2397 nou
588 2346 718 2401 dissolvit
733 2348 894 2416 periurium.
933 2349 1000 2401 Fuit

156 2431 244 2499 igitur
265 2431 352 2482 stulta
373 2427 513 2479 calliditas
531 2444 660 2496 perverse
682 2428 792 2481 imitata
810 2430 998 2499 prudentiam.

156 2514 254 2580 Itaque
274 2508 400 2563 decrevit
421 2513 533 2561 senatus
553 2514 586 2561 ut
604 2509 652 2562 ille
671 2515 811 2563 veterator
832 2516 860 2563 et
880 2512 999 2564 callidus

157 2595 267 2648 vinctus
293 2592 329 2646 ad
354 2590 543 2644 Hannibalem
569 2591 725 2644 duceretur.
765 2592 823 2645 114.
844 2593 900 2645 Sed
927 2592 999 2645 illud

156 2675 316 2727 marimum.
354 2674 426 2725 Octo
447 2672 594 2724 hominum
616 2670 694 2723 inilia
715 2673 829 2725 tenebat
848 2673 998 2740 Hannibal,

157 2771 213 2806 non
226 2770 296 2822 quos
310 2753 341 2806 in
355 2753 414 2806 aeie
430 2752 550 2822 cepisset
565 2756 613 2805 aut
628 2752 677 2820 qui
692 2752 817 2821 periculo
832 2753 931 2805 mortis
946 2753 999 2805 dif-

157 2834 302 2903 fugissent,
315 2834 364 2886 sed
377 2834 427 2901 qui
441 2832 531 2885 relicti
544 2832 575 2884 in
588 2832 685 2885 castris
698 2832 815 2886 fuissent
828 2850 844 2885 a
855 2835 956 2886 Paullo
970 2841 999 2886 et

158 2930 174 2966 a
188 2916 310 2968 Varrone
329 2914 496 2967 consulibus.
533 2914 590 2964 Eos
605 2918 716 2965 senatus
733 2930 790 2965 non
805 2914 913 2966 censuit
928 2915 996 2966 redi-

158 2996 281 3062 mendos,
292 3011 355 3046 eum
369 2995 400 3045 id
413 3011 499 3063 parva
514 2994 634 3062 pecunia
646 2994 706 3046 fieri
719 2999 820 3063 posset,
830 2999 863 3046 ut
876 3001 946 3046 esset
958 2995 998 3046 iu·

158 3076 242 3130 sitnm
256 3075 392 3129 militibus
408 3074 510 3128 nostris
529 3079 578 3127 aut
592 3074 702 3129 vincere
718 3074 875 3128 antemon.
913 3077 928 3103 “
938 3076 998 3141 Qua

159 3158 273 3228 quidem
285 3174 313 3210 re
326 3156 424 3211 audita
432 3156 553 3211 fraetnm
566 3154 690 3209 animum
702 3154 891 3209 Hannibalis”
902 3156 998 3209 scribit
1021 3202 1027 3211 .
