2242 3542
299 512 344 576 M.
363 510 541 575 TULLII
576 504 859 571 CICERONIS

156 662 213 738 111
249 659 462 739 01111111
493 658 555 732 AD
590 656 795 732 MARCUM
830 650 1001 731 FILIUM

374 808 508 907 nmen
532 803 771 868 snouunus

493 982 663 993 .....-——-—

420 1108 728 1161 ARGUMENTUM.

187 1213 318 1276 Proposito
334 1220 488 1274 argumento,
504 1212 600 1273 dequo
618 1210 665 1257 hoc
681 1208 743 1256 libro
761 1222 794 1255 ex
809 1207 942 1270 partitione
959 1224 999 1271 ee,

155 1295 230 1343 quam
241 1281 267 1327 in
278 1279 360 1342 priore
371 1279 434 1326 libro
445 1278 546 1336 fecerat,
556 1276 727 1338 disputaturus
742 1273 782 1331 sit,
793 1274 900 1336 primum
913 1289 998 1337 prooe-

154 1346 232 1394 mium
243 1345 303 1393 facit
313 1345 348 1392 M.
356 1344 453 1392 Tullius
464 1342 612 1404 explicando
624 1341 655 1388 de
667 1340 717 1387 suis
729 1338 898 1401 philosophiae
910 1340 999 1388 studiis

154 1420 179 1459 et
196 1410 369 1473 scriptionibus
384 1425 413 1458 ae
430 1409 461 1456 de
478 1408 574 1455 ratione
588 1403 778 1469 philosophandi
797 1404 957 1464 Academica,
972 1413 999 1452 ut

154 1477 186 1525 de
204 1492 253 1524 una
270 1491 368 1539 quaque
384 1490 459 1523 causa
475 1474 501 1521 in
519 1478 763 1534 utramquepartem
780 1468 927 1531 disputetur,
941 1485 994 1531 cap.

155 1540 240 1602 1,‘.>,§
256 1544 311 1590 1-8.
347 1542 413 1588 Tum
426 1547 600 1599 argumentum
615 1544 706 1584 tractet
720 1534 753 1593 id,
768 1534 862 1596 dequo
877 1534 924 1582 boc
935 1535 997 1583 libro

153 1608 310 1668 potissimum
328 1606 374 1653 sibi
391 1604 523 1653 dicendum
543 1617 597 1650 esse
617 1602 659 1660 ait,
674 1616 703 1648 ec
721 1600 828 1661 primum
846 1599 948 1661 quidem
966 1600 998 1649 de

154 1672 208 1719 utili
226 1670 336 1733 exponit,
353 1685 405 1732 cup.
423 1671 496 1729 3-24,
514 1668 527 1726 ξ
546 1670 619 1726 9-87,
636 1676 661 1714 et
679 1665 803 1727 explicata
822 1664 923 1727 quidem
944 1666 997 1712 nni-

155 1751 225 1784 versa
237 1736 303 1783 utilis
314 1744 410 1794 natura,
423 1750 497 1797 quam
510 1742 583 1793 negat
595 1734 626 1780 ab
638 1732 767 1779 honestate
779 1744 833 1778 esse
848 1731 992 1780 seiunctam.

154 1817 207 1863 cap.
221 1803 244 1860 3,
257 1799 271 1858 ξ
285 1804 310 1860 9,
323 1803 361 1860 10,
371 1800 418 1847 boc
431 1800 559 1847 adseverat
574 1798 636 1845 nihil
650 1806 693 1845 aut
707 1796 792 1844 utilius
807 1804 851 1844 aut
866 1797 996 1844 nocentius

153 1882 207 1915 esso
221 1866 361 1913 hominibus
375 1866 400 1913 in
414 1865 449 1912 eis
463 1865 542 1923 rebus,
555 1878 618 1926 quae
633 1863 704 1910 utiles
722 1862 778 1921 sint,
792 1876 867 1923 quam
884 1862 996 1910 lromines

153 1934 229 1993 ipsos,
241 1948 294 1994 cap.
307 1930 390 1991 3-5,§
409 1932 495 1990 ll-16‚
507 1945 581 1992 quam
596 1930 627 1977 ob
640 1942 693 1975 rem
712 1926 880 1975 conciliandos
898 1928 995 1976 animos

154 1998 283 2045 hominum
295 1997 362 2045 etad
376 2012 433 2044 usus
445 2006 541 2044 nostros
555 1992 724 2053 adiungendos
737 2007 790 2040 esse
803 1992 872 2052 dicit,
885 1994 950 2055 quod
964 1994 996 2041 sit

154 2078 244 2111 munus
255 2063 354 2110 virtutis
367 2063 468 2109 exclusa
479 2061 555 2109 etiam
567 2060 591 2106 vi
603 2059 723 2117 fortunae,
736 2072 788 2119 cap.
802 2062 824 2117 5,
838 2061 861 2117 8,
875 2057 889 2116 §
906 2060 992 2107 17-20.

62 2142 65 2146 ·
154 2129 221 2176 'l'um
237 2144 332 2187 causas,
348 2143 422 2190 quam
439 2127 470 2175 ob
488 2141 538 2173 rem
556 2125 669 2171 homines
687 2123 828 2170 bominibus
848 2124 992 2183 inserviant,

154 2203 282 2242 enumerat
298 2204 324 2241 et
340 2201 482 2255 pertractat,
494 2189 699 2245 benevolentiam,
715 2189 914 2247 admirationem,
927 2204 995 2237 com·
1023 2232 1028 2239 .

154 2259 230 2306 moda
245 2267 347 2320 accepta
363 2267 407 2305 eut
423 2256 575 2319 accipienda,
586 2269 639 2317 cap.
652 2253 703 2313 6,§
722 2256 811 2312 20-22,
825 2254 882 2301 dein
896 2269 995 2316 separa-

154 2325 200 2370 tim
215 2324 275 2371 dicit
291 2324 323 2371 de
340 2322 510 2371 benevolentia
526 2330 551 2368 et
568 2320 692 2368 contrario
710 2318 762 2367 eius
776 2328 853 2379 metu,
866 2335 919 2381 cap.
934 2323 956 2379 t,
969 2322 993 2380 8,

155 2386 169 2447 5
184 2391 273 2447 23-30,
288 2397 342 2435 tum
356 2388 387 2435 de
400 2387 484 2446 gloria
500 2401 553 2447 cap.
569 2386 642 2443 9-14,
658 2382 672 2443 ᾖ
687 2386 842 2444 31-51‚tum
858 2384 889 2433 de
905 2386 996 2433 benefi-

153 2453 236 2500 centia
246 2463 271 2500 et
281 2452 434 2504 liberalitate,
442 2467 494 2513 cap.
506 2449 616 2508 15÷2=t,§
627 2452 718 2510 52-85,
729 2450 835 2512 denique
847 2450 878 2497 de
889 2450 995 2499 aliarum

154 2533 237 2566 rerum
251 2517 364 2576 utilitate,
376 2533 430 2579 cap.
442 2516 508 2576 24,§
524 2519 564 2576 86,
576 2518 615 2575 87,
628 2524 754 2578 postremo
772 2516 910 2563 utilitatum
927 2530 995 2563 com·

153 2583 307 2645 parationem
319 2583 435 2643 instituit,
448 2597 500 2644 cap.
513 2585 553 2641 25,
566 2580 580 2639 ξ
594 2583 683 2630 88-90.

189 2699 210 2752 Ι.
249 2703 271 2752 1.
292 2699 380 2764 Quem
400 2698 572 2751 admodum
592 2694 684 2749 officia
704 2696 871 2748 ducerentur
892 2695 928 2747 ab
948 2694 997 2747 bo·

154 2784 268 2846 aestate,
278 2781 370 2831 Marce
385 2779 434 2844 fili,
445 2784 529 2845 atque
545 2777 582 2829 ab
597 2778 673 2828 omni
688 2792 788 2845 genere
802 2776 914 2830 virtutis
929 2776 997 2828 sutis

154 2859 324 2927 explicatum
336 2859 456 2911 arbitror
468 2858 540 2909 libro
553 2856 702 2925 superiore.
738 2856 869 2925 Sequitur
882 2862 914 2908 ut
927 2856 996 2909 baec

154 2938 308 3011 081ᾳί911111
327 2954 428 3006 genera
446 2952 602 3005 persequar,
617 2952 687 3002 quae
705 2936 848 3004 pertinent
867 2936 996 2988 advitae

154 3017 261 3068 cultum
278 3023 306 3069 et
324 3018 360 3069 ad
378 3033 472 3068 earum
490 3033 588 3081 rerum,
605 3014 707 3081 quibus
726 3020 843 3067 utuntur
860 3015 995 3081 bomineS,

153 3092 307 3163 facultates,
318 3096 355 3147 ad
367 3112 441 3165 opes,
453 3095 490 3147 ed
504 3094 617 3165 copies:
636 3093 666 3144 in
680 3109 736 3163 quo
749 3099 809 3146 tum
822 3096 918 3165 quaeri
934 3094 994 3152 dixi
