2242 3542
128 150 158 196 34
352 143 389 193 Μ.
408 142 537 192 TULLII
555 140 746 190 CICERONIS

126 225 272 292 disputaris
282 223 348 293 quid
361 223 469 290 sentias,
478 223 589 291 qualern
598 220 746 288 existimes,
753 237 824 290 quae
832 238 978 291 praecepta

126 299 184 353 des.
203 300 305 354 Sennv.
317 299 386 352 Mihi
398 315 463 351 vere
473 301 644 367 [pergratum
656 297 736 362 erit];
753 300 837 365 atque
847 298 877 350 id
888 299 979 366 ipsum

45 389 49 393 ’
126 393 209 442 quum
222 380 313 430 tecum
326 391 541 442 ogereeonarer‚
555 374 675 427 Fannius
686 374 843 426 antevertit
880 374 980 438 Quam-

126 451 219 504 obrem
232 452 343 518 utrique
355 454 478 503 nostrum
490 453 601 517 gratum
612 448 758 502 admodum
771 449 875 502 feceris.

178 527 211 579 V.
232 531 270 584 17.
300 526 383 579 brun.
403 527 461 594 Ego
481 543 620 579 veronen
639 541 775 594 gravarer,
794 525 818 577 si
835 525 902 578 mihi
918 526 979 595 ipse

126 601 289 656 confiderem
299 622 305 665 3
323 618 385 654 narn
398 606 426 655 et
438 603 578 670 praeclara
589 619 634 656 res
645 606 696 668 est,
708 605 738 655 et
749 619 851 669 sumus,
863 606 896 656 ut
907 603 979 658 dixit

128 679 254 745 Fannius,
267 679 353 732 otiosi.
391 677 445 730 Sed
459 679 520 745 quis
532 695 584 746 ego
601 681 678 732 sum?
695 682 743 732 aut
755 696 826 747 quac
838 683 921 737 estin
933 700 979 736 me

128 754 259 808 facultas?
295 754 444 807 Doctorum
457 757 500 807 est
517 755 572 807 ista
583 755 752 808 consuetudo
764 773 851 824 eaque
864 759 980 810 Graeco

128 845 187 884 rum
207 833 239 883 ut
258 829 293 882 iis
313 832 432 898 ponatur
452 828 493 906 de)
507 846 561 897 quo
576 830 719 898 disputent
739 831 862 897 quamvis
881 831 978 899 subito.
1035 871 1038 874 «

129 905 257 974 Magnum
281 922 349 974 opus
373 908 417 958 est
440 907 559 972 egetque
583 905 779 958 exercitatione
803 923 857 958 non
885 923 977 974 parva.

129 981 310 1045 Quamobrem
329 997 400 1050 quae
412 981 546 1049 disputari
565 982 602 1033 de
618 981 739 1034 amicitia
751 986 872 1049 possunt,
885 982 920 1034 ab
938 983 978 1036 eis

34 1102 37 1108 .
126 1067 232 1111 censeo=
245 1059 348 1126 petatis
372 1057 419 1124 qui
443 1057 496 1109 ista
514 1057 685 1124 profitentur.
720 1057 779 1124 Ego
802 1074 850 1110 vos
874 1057 978 1110 hortari

127 1137 234 1185 tanturn
252 1149 362 1200 possum
383 1134 414 1184 ut
435 1130 583 1184 amicitiam
604 1132 729 1185 omnibus
753 1133 835 1186 rebus
852 1133 978 1186 humanis

126 1208 313 1277 anteponatis:
338 1206 404 1259 nihil
425 1209 468 1260 est
492 1207 565 1260 enim
582 1211 639 1260 tam
666 1213 780 1262 naturae
800 1213 894 1277 aptum
919 1213 978 1263 tam

126 1285 287 1337 conveniens
306 1282 341 1336 ad
360 1299 404 1336 res
422 1284 466 1337 vel
486 1283 619 1336 secundas
630 1285 673 1337 rel
691 1284 827 1338 adversas.
865 1292 902 1340 18.
922 1277 978 1340 Sed

127 1360 177 1413 lroc
200 1360 319 1428 primum
339 1359 425 1412 sentio
450 1359 503 1412 nisi
526 1360 554 1412 in
578 1359 657 1413 bonis
680 1361 827 1414 amicitiam
846 1378 906 1414 esse
922 1377 977 1415 non

125 1453 220 1505 posse3
236 1452 325 1504 neque
337 1434 367 1488 id
379 1435 415 1487 ad
427 1435 517 1487 vivum
529 1438 674 1503 reseco,nt
685 1437 725 1489 illi
744 1437 791 1504 qui
809 1437 875 1490 haec
891 1436 977 1491 subti-
1018 1466 1021 1467 ν

126 1513 178 1566 tius
191 1513 337 1578 disserunt,
345 1512 532 1564 fortassovere
544 1511 593 1564 sed
606 1512 642 1564 ad
651 1528 820 1565 communem
828 1513 977 1567 utilitatem
1100 1504 1102 1517 '

126 1589 237 1656 parnm3
255 1592 356 1655 negant
368 1588 439 1640 enim
452 1603 616 1655 quemquam
629 1588 716 1639 virum
734 1588 835 1641 bonum
847 1606 907 1642 esse
924 1589 976 1642 nisi

126 1665 284 1732 sapientem.
319 1664 360 1716 Sit
372 1664 412 1716 ita
426 1679 505 1723 sene;
524 1662 647 1715 sedeam
665 1664 824 1732 sapientiam
843 1666 977 1732 interpre-

126 1743 220 1794 tantur
233 1757 314 1808 quam
327 1739 415 1792 adhuc
425 1738 550 1791 mortalis
568 1755 647 1792 nemo
659 1744 703 1792 est
716 1745 883 1794 consecutus.
918 1741 943 1794 N
945 1758 977 1796 os

126 1820 218 1872 autern
239 1832 359 1883 eaquae
378 1818 441 1868 sunt
461 1814 489 1866 in
508 1831 559 1867 usu
580 1815 691 1883 vitaque
709 1816 851 1883 communi,
871 1834 924 1871 non
942 1835 977 1872 ea

126 1909 196 1962 quae
215 1893 355 1959 finguntur
374 1894 421 1945 aut
435 1894 573 1959 optantur,
585 1895 709 1959 spectare
729 1892 865 1946 debemus.
901 1894 977 1946 Nun-
1033 1924 1037 1933 =

126 1987 207 2038 quam
227 1985 278 2036 ego
298 1968 386 2021 dicam
406 1967 433 2021 0.
446 1967 609 2030 Fabricium,
623 1967 670 2019 Μ’.
686 1968 805 2031 Curium,
819 1969 859 2021 Ti.
872 1969 976 2021 Corun-

125 2046 239 2111 canium,
261 2061 329 2112 quos
350 2043 485 2112 sapientes
505 2044 592 2096 nostri
613 2042 731 2110 majores
750 2042 919 2110 judicabant,
937 2043 976 2098 ad

125 2122 240 2174 istorum
259 2137 380 2174 normam
400 2120 484 2172 brisso
501 2119 643 2187 sapientes.
680 2118 770 2182 Quare
788 2119 839 2172 sibi
856 2120 977 2174 habeant

126 2196 275 2264 sapientiae
287 2213 384 2250 nomen
398 2200 426 2249 et
437 2196 598 2249 invidiosum
612 2199 641 2249 et
650 2194 809 2261 obscurum3
826 2196 976 2251 concedant

72 2273 274 2329 “mntbom
288 2273 340 2326 viri
355 2272 464 2324 fuerint.
500 2272 543 2324 Ne
559 2270 589 2324 id
608 2271 720 2339 quidem
737 2273 847 2327 facient.
885 2274 975 2341 Nega-

127 2351 198 2403 bunt
209 2350 238 2402 id
251 2349 302 2400 nisi
316 2347 432 2414 sapienti
450 2363 529 2414 posse
541 2349 659 2401 concedi.
697 2355 735 2400 19.
756 2351 878 2416 Agamus
891 2351 977 2416 igitur

128 2424 222 2492 pingui
235 2423 365 2488 Minerva,
376 2426 408 2475 ut
419 2422 503 2476 aiunt.
542 2423 593 2486 Qui
606 2422 645 2475 ita
657 2440 686 2476 se
703 2428 809 2490 gerim,
823 2423 862 2474 ita
874 2429 976 2491 vivunt,

127 2505 159 2554 ut
180 2517 273 2554 corum
292 2499 424 2565 probetur
445 2498 520 2565 fidere,
537 2499 690 2566 integritas,
703 2501 835 2567 aequitas,
856 2500 977 2553 liberali-

127 2583 177 2646 tas
186 2597 236 2634 nec
245 2579 316 2634 sitin
324 2578 363 2634 cis
370 2575 425 2630 nlla
433 2577 569 2644 cupiditas
576 2579 712 2634 vellibido
719 2581 762 2634 vel
776 2578 896 2645 audacia,
909 2579 977 2633 sint-

127 2670 181 2722 que
193 2669 291 2720 megna
303 2653 461 2720 constantia,
473 2657 505 2706 ut
517 2654 536 2705 ii
545 2656 655 2706 fuerunt
664 2654 745 2706 modo
754 2654 976 2721 quosnominavi‚

127 2730 176 2783 hos
194 2729 266 2782 viros
282 2730 374 2795 bonos
395 2735 426 2783 ut
445 2729 532 2783 habiti
552 2734 622 2797 sunt,
642 2730 681 2783 sic
699 2731 782 2784 etiam
799 2731 978 2799 appellandos

127 2810 261 2873 putemne,
291 2805 354 2874 quia
385 2809 532 2874 sequantur
562 2811 694 2872 quantum
716 2807 839 2860 homines
862 2813 979 2876 possunt

127 2885 252 2935 naturam
265 2882 394 2950 optimam
412 2881 482 2934 benc
493 2881 601 2934 vivendi
620 2883 723 2936 ducem.
758 2885 802 2937 Sic
820 2885 892 2937 enim
910 2883 979 2938 mihi

129 2959 282 3026 perspicere
300 2958 402 3023 videor,
422 2957 461 3009 ita
478 2959 558 3008 natos
580 2973 639 3009 esse
662 2976 711 3011 nos
735 2967 767 3012 ut
791 2961 864 3014 inter
884 2977 979 3013 omnes

130 3037 201 3087 esset
214 3035 328 3087 societas
338 3032 479 3101 quaedam,
487 3030 575 3098 major
583 3037 715 3086 autemut
725 3036 841 3102 quisque
854 3037 979 3103 proxime

130 3109 277 3163 accederet.
314 3110 414 3177 Itaque
434 3106 505 3159 cives
524 3107 643 3174 potiores
662 3126 743 3175 quam
759 3113 903 3177 peregrini,
915 3127 980 3179 pro

129 3183 223 3252 pinqui
243 3182 440 3252 quam'alieni:
469 3195 529 3232 curn
553 3179 597 3233 his
616 3183 686 3235 enim
709 3185 855 3237 anrieitiam
879 3190 981 3242 natura
