2242 3542
367 147 532 197 LAELIUS.
569 148 646 196 GAP.
667 147 716 195 IX.
736 147 772 195 X.
967 150 996 195 39

133 248 240 287 causae
258 232 389 301 diligendi
407 232 553 300 profectae.
596 237 637 285 31.
656 230 697 284 Ut
713 231 785 284 enim
800 230 915 285 benefici
930 229 996 284 libe

142 310 269 376 ralesque
287 325 379 362 sumus
398 325 451 360 non
470 311 502 361 ut
520 308 662 375 exigamus
679 307 803 374 gratiam,
817 323 906 375 neque
924 306 996 359 enirn

142 384 304 439 berreficium
316 386 479 451 feneramur,
493 385 543 437 sed
552 386 651 436 natura
662 382 789 451 propensi
802 382 839 434 ad
851 382 997 435 liberalite

142 464 200 515 tem
213 477 319 525 sumus;
332 460 370 513 sic
382 461 529 513 amicitiam
541 476 595 513 non
607 476 655 527 spe
668 459 802 512 mercedis
814 458 934 525 adducti,
947 458 997 511 sed

143 536 218 605 quod
225 537 311 589 omnis
321 536 381 603 ejus
393 538 499 590 fructus
510 537 538 588 in
550 538 609 604 ipso
621 552 713 589 amore
725 536 804 601 inest,
813 535 997 603 expetendam

142 616 278 680 putamus.
307 618 348 666 32.
362 613 430 667 Atii
440 613 487 679 qui
499 612 634 681 pecudum
647 612 703 665 ritu
715 610 752 664 ad
763 611 932 680 voluptatem
941 627 998 663 orn·

143 689 188 741 nia
200 688 322 742 referunt
334 689 415 756 longe
435 689 616 742 dissentiunt:
638 704 688 741 nee
700 687 807 741 mirum.
836 687 912 740 Nihil
925 688 997 739 enirn

143 764 236 829 altum,
255 764 322 817 nihil
341 765 513 832 magnifieum
532 780 564 817 ac
581 764 704 817 divinum
722 764 860 833 suspicere
874 766 997 832 possunt,

143 841 191 910 qui
200 857 263 893 suas
272 858 366 894 omnes
375 841 552 908 cogitationes
559 839 719 907 abjecerunt
730 841 758 892 in
769 856 828 892 rem
839 844 897 893 tarn
913 838 999 892 hnmi-

143 916 197 970 lem
209 921 321 985 tamque
336 918 529 983 contemptam.
566 914 750 979 Quamobrem
767 914 816 968 lros
831 916 944 984 quidem
962 914 997 968 ab

144 993 195 1046 hoc
212 1009 337 1047 sermone
356 1007 555 1045 removeamus:
575 992 627 1060 ipsi
647 996 739 1045 autem
758 991 941 1059 intelligamus
954 1007 998 1043 na

143 1073 207 1122 tura
218 1068 293 1136 gigni
308 1083 416 1121 sensum
431 1067 562 1135 diligendi
583 1072 613 1121 et
631 1066 837 1121 benevolentiae
855 1068 997 1121 caritatem

143 1146 217 1198 facta
235 1144 432 1212 significatione
448 1144 611 1212 probitatis;
635 1161 717 1212 quam
736 1145 783 1211 qui
805 1145 998 1213 appetiverunt

143 1221 281 1290 applicant
294 1237 353 1274 sese
366 1224 394 1274 et
406 1220 518 1289 propius
530 1220 677 1274 admovent
690 1224 722 1272 ut
734 1225 764 1273 et
776 1237 827 1273 usu
840 1219 900 1288 ejus
916 1237 998 1289 quem

143 1297 259 1365 diligere
271 1300 421 1365 coeperunt
432 1296 558 1349 fruantur
568 1301 597 1349 et
609 1296 739 1361 moribus,
750 1296 859 1365 sintque
873 1312 953 1365 pares
969 1297 997 1349 in

86 1404 95 1415 -
143 1390 236 1427 amore
248 1376 277 1426 et
289 1373 423 1441 aequales,
436 1373 682 1441 propensioresque
699 1372 736 1425 ad
751 1371 823 1425 benc
838 1372 997 1426 merendum

144 1467 225 1519 quam
243 1450 279 1503 ad
297 1449 502 1519 reposcendum.
540 1453 635 1516 Atque
654 1447 720 1501 haec
740 1448 878 1501 intereos
899 1448 932 1501 fit
952 1446 998 1499 ho

38 1537 41 1544 ·
144 1530 222 1581 nesta
242 1526 363 1581 certatio.
404 1526 449 1579 Sic
468 1528 496 1578 et
516 1525 650 1579 utilitates
667 1541 701 1577 ex
725 1524 844 1578 amicitia
864 1524 998 1578 maximae

144 1604 292 1671 capientur,
312 1608 340 1657 et
359 1604 413 1657 erit
432 1602 492 1670 ejus
511 1606 589 1655 ortus
610 1605 741 1655 anatura
759 1619 842 1671 quarn
858 1602 894 1655 ab
915 1601 998 1655 imbe-

143 1679 256 1733 cillitate
269 1683 297 1733 et
313 1680 421 1747 gravior
433 1683 462 1733 ct
474 1678 572 1733 verior.
608 1679 680 1732 Nam
697 1679 722 1732 si
741 1679 846 1733 utilitas
866 1680 998 1731 amicitias

144 1756 350 1823 conglutinaret,
363 1755 459 1809 eodem
472 1758 639 1810 commutata
655 1757 824 1810 dissolveret.
860 1755 915 1808 Sed
935 1755 999 1822 quia

143 1835 242 1887 natura
252 1832 352 1885 mutari
365 1849 419 1884 non
431 1836 531 1901 potest,
543 1832 645 1886 idcirco
658 1850 739 1886 verae
751 1832 886 1885 amicitiae
900 1831 998 1899 senapi-

144 1910 239 1961 ternae
249 1913 319 1962 sunt.
345 1908 443 1962 Ortum
454 1908 564 1976 quidem
573 1910 708 1962 amicitiae
716 1908 878 1974 vidctis,nisi
889 1907 955 1975 quid
962 1906 998 1959 ad

80 2020 82 2023 -
144 1984 210 2037 haec
221 1985 293 2039 forte
301 1984 392 2038 vultis.
428 1985 514 2037 Fran.
534 1985 751 2053 Tuvcroperge
765 1984 846 2036 Laeli.
883 1984 936 2035 Pro
948 1983 999 2035 hoc

144 2061 216 2113 enim
229 2061 276 2129 qui
285 2061 373 2113 minor
382 2064 425 2114 est
434 2063 501 2113 natu
510 2076 571 2112 meo
578 2059 643 2127 jure
653 2059 810 2127 respondeo.
841 2064 882 2113 33.
900 2059 999 2112 Sonitu.

146 2136 233 2190 Itecte
245 2142 277 2189 tu
289 2136 407 2204 quidem.
445 2134 627 2199 Quamobrem
636 2135 785 2188 audiamus.

199 2212 230 2264 X.
252 2212 336 2265 Lanu.
354 2210 459 2265 Audite
467 2227 540 2279 ergo,
549 2210 646 2279 optimi
655 2211 833 2279 viri,eaquae
843 2210 1000 2278 saepissime

145 2287 218 2341 inter
229 2304 274 2341 rno
286 2292 315 2341 et
328 2286 479 2356 Scipionem
492 2286 527 2339 de
540 2286 660 2340 amicitia
672 2286 894 2341 disserebantur:
906 2302 1000 2354 quam-

145 2364 280 2433 quamille
288 2363 400 2431 quidem
408 2362 475 2416 nihil
483 2362 619 2417 difficilius
627 2380 687 2417 esse
695 2363 805 2417 dicebat
815 2380 895 2431 quarn
908 2363 999 2416 amici-

145 2441 212 2495 tiam
220 2457 306 2509 usque
314 2440 350 2493 ad
358 2444 512 2494 extremum
520 2441 594 2493 vitae
602 2439 674 2493 diem
683 2456 851 2508 permanere.
877 2440 947 2491 Nam
957 2434 998 2492 rcl

144 2520 177 2571 ut
188 2534 242 2570 non
253 2517 326 2571 idem
334 2516 478 2585 expediret
485 2515 606 2569 incidere
614 2533 702 2584 saepe,
712 2516 754 2569 vel
763 2519 794 2569 ut
805 2515 840 2568 de
850 2532 880 2568 re
892 2515 999 2583 publica

146 2609 199 2645 non
208 2594 281 2647 idem
291 2593 454 2647 sentiretur:
466 2594 568 2646 mutari
578 2593 661 2646 etiam
669 2608 758 2645 mores
767 2592 906 2644 hominum
917 2607 1000 2658 saepe

146 2668 262 2733 dicebat,
276 2670 342 2725 alias
354 2670 476 2722 adversis
488 2669 578 2736 rebus,
597 2670 663 2722 alias
677 2672 769 2722 aetate
786 2669 999 2735 ingravescente.

147 2747 242 2813 Atque
255 2762 347 2799 earum
360 2762 452 2798 rerum
464 2744 620 2813 exemplum
633 2763 667 2798 cx
680 2744 858 2797 similitudine
874 2742 999 2810 capiebat

146 2820 265 2875 ineuntis
289 2820 395 2886 aetatis,
415 2821 489 2888 qnod
507 2822 606 2875 summi
624 2836 770 2889 puerorum
788 2835 896 2872 amores
917 2833 999 2885 saepe

145 2914 274 2951 unacum
286 2900 430 2966 praetexta
441 2902 506 2965 toga
520 2900 703 2965 ponerentur:
739 2901 778 2949 34.
796 2896 836 2948 sin
854 2897 947 2947 antem
963 2892 1000 2945 ad

147 2973 360 3027 adolescentiam
388 2973 589 3041 perduxissent,
614 2973 705 3026 dirimi
732 2975 826 3025 tamen
857 2969 998 3023 interdum

146 3050 319 3103 contentione
330 3048 372 3103 vel
384 3049 494 3102 uxoriae
504 3049 674 3115 conditionis,
684 3048 727 3100 vel
739 3046 872 3100 commodi
885 3042 1000 3110 alicujus

148 3126 222 3195 qnod
240 3126 315 3181 idom
331 3126 446 3194 adipisci
465 3129 583 3193 uterque
601 3140 653 3177 non
675 3127 774 3190 posset.
811 3120 890 3184 Quod
910 3119 932 3171 si
952 3119 1000 3185 qui

148 3202 254 3271 longius
266 3203 293 3256 in
304 3201 422 3257 amicitia
434 3203 556 3270 provecti
568 3201 668 3266 essent,
680 3202 773 3252 tamen
786 3210 866 3262 saepe
882 3193 999 3248 labefac-
