2242 3542
379 128 543 178 LAELIUS.
580 128 656 176 cnP.
676 127 769 175 XVII.
997 130 1027 181 47

180 209 278 278 disque
296 208 442 263 amicorum
468 222 581 261 necesse
608 207 662 263 erit
687 209 757 275 anm,
779 209 878 277 dolere
898 212 1026 267 invidere.

181 293 220 341 60.
250 285 341 349 Quare
364 284 415 343 hoe
440 285 551 351 quidem
575 288 751 353 praeceptum
777 288 962 359 cujuscunque
984 301 1026 345 est

179 362 215 416 ad
232 361 383 415 tollendam
404 361 550 413 amicitiam
572 361 652 414 valet.
689 361 763 414 Illud
783 366 874 432 potius
895 368 1025 435 praecipi-

179 438 280 490 endum
292 436 351 502 luit,
363 440 395 488 ut
407 452 467 491 eam
480 436 650 503 diligentiam
663 438 854 493 adhiberemus
863 442 890 493 in
900 443 1026 497 amicitiis

179 513 366 582 comparandis
389 516 421 566 ut
444 529 478 565 ne
503 512 612 581 quando
639 530 730 567 amare
758 516 937 584 inciperemus
962 536 1025 572 eum

178 606 260 657 quem
273 590 419 657 aliquando
431 589 520 643 odisse
533 607 682 659 possemus.
709 592 790 655 *Quin
802 595 885 646 etiam
898 594 921 646 si
935 595 1025 650 minus

178 666 269 719 felices
282 667 309 718 in
323 666 467 733 deligendo
480 666 631 734 fuissemus,
644 669 787 722 ferendum
797 669 825 722 id
837 670 925 739 Scipio
933 671 1026 739 potius

178 759 259 809 quam
271 742 473 796 inimicitiarum
486 747 594 811 tempus
607 746 781 812 cogitandum
790 746 913 814 putabat.
978 796 982 800 .

230 819 326 871 XVII.
364 825 404 873 61.
436 818 488 871 His
500 818 585 885 igitur
598 820 698 873 finibus
710 822 842 875 utendum
855 823 981 890 arbitror,
994 831 1025 876 nt

178 912 260 963 quum
282 896 420 949 emendati
440 912 529 949 mores
553 897 700 949 amicorum
725 899 786 963 sint,
811 902 869 951 tum
894 900 931 952 sit
954 900 1026 952 inter

177 989 223 1024 eos
241 973 360 1025 omnium
378 989 477 1037 rerum,
499 973 679 1041 consiliorum,
701 975 869 1027 voluntatum
891 976 949 1028 sine
970 976 1026 1027 ulla

177 1049 335 1117 exceptione
353 1049 538 1117 communitas,
557 1053 589 1103 ut
607 1051 698 1115 etiam,
717 1049 739 1102 si
758 1067 812 1118 qua
829 1050 941 1103 fortuna
957 1053 1024 1103 acci-

177 1122 248 1177 derit
263 1128 294 1177 ut
308 1126 397 1179 minus
408 1124 501 1193 justae
516 1127 665 1179 amicorum
682 1127 835 1181 voluntates
852 1127 1025 1195 adjuvandae

176 1200 231 1253 sint
256 1201 285 1253 in
311 1201 409 1270 quibus
436 1218 528 1254 eorum
555 1206 603 1256 aut
629 1207 711 1272 caput
741 1209 838 1270 agatur
867 1207 915 1257 aut
944 1204 1024 1271 fama,

175 1275 365 1330 declinandum
390 1278 426 1331 sit
451 1279 485 1331 do
509 1280 559 1345 via,
585 1280 665 1333 modo
690 1297 724 1333 ne
749 1297 854 1332 summa
881 1281 1024 1347 turpitudo

175 1357 318 1421 sequatur:
332 1358 374 1407 est
387 1354 458 1407 enim
471 1359 606 1422 quatenus
619 1357 754 1410 amicitiae
768 1357 828 1409 dari
841 1356 919 1409 venia
930 1358 1024 1424 possit,

175 1428 200 1481 N
202 1447 232 1482 ee
248 1446 313 1483 vero
329 1430 492 1497 negligenda
509 1436 551 1485 cst
568 1432 647 1498 fama,
664 1449 714 1485 nee
732 1432 868 1485 mediocre
886 1431 972 1485 tolum
987 1433 1024 1485 ad

174 1521 218 1557 res
233 1506 368 1571 gerendas
385 1507 541 1561 existimare
557 1513 667 1576 oportet
683 1508 900 1561 benevolentiam
919 1509 1023 1571 civium,

174 1598 255 1647 quam
267 1581 406 1636 blanditiis
420 1586 448 1636 et
460 1584 624 1637 assentando
636 1584 763 1652 colligere
775 1588 856 1651 turpe
866 1587 909 1636 est
919 1604 924 1646 ;
937 1584 1023 1637 virtus

173 1674 255 1724 quam
267 1659 392 1727 sequitur
403 1660 502 1713 caritas
515 1662 627 1713 minime
639 1660 808 1728 repudianda
821 1663 871 1712 est.
908 1665 947 1713 62.
968 1660 1022 1713 Sed

173 1750 253 1802 saepo
263 1736 334 1787 enim
347 1736 431 1788 redeo
444 1736 479 1789 ad
495 1736 649 1805 Scipionem
664 1736 742 1803 cujus
757 1736 843 1788 omnis
858 1752 947 1788 sermo
962 1742 1022 1788 erat

173 1809 207 1862 de
220 1811 344 1878 amicitia,
358 1812 526 1879 querebatur
539 1814 613 1881 quod
625 1810 750 1865 omnibus
762 1814 790 1865 in
802 1811 886 1865 rebus
900 1810 1022 1865 homines
1107 1826 1109 1830 ·

173 1885 358 1952 diligentiores
388 1892 495 1953 essent;
526 1905 621 1955 capras
651 1891 680 1939 et
709 1904 773 1941 oves
805 1891 873 1956 quot
905 1888 1022 1956 quisque

172 1960 286 2015 liaberet
304 1962 396 2015 dicere
414 1980 501 2030 posse,
527 1964 626 2026 amicos
648 1967 714 2030 quot
733 1964 847 2016 haberet
867 1980 920 2015 non
942 1980 1022 2031 posse

173 2036 280 2102 dicere;
297 2042 326 2090 et
342 2039 370 2090 in
386 2038 440 2091 illis
457 2040 569 2108 quidem
585 2040 713 2107 parandis
729 2039 859 2092 adhibere
876 2056 976 2106 curam,
993 2040 1021 2093 in

172 2114 264 2166 amicis
276 2113 408 2181 eligendis
420 2117 591 2183 negligentes
604 2132 663 2168 esse
674 2131 724 2167 nec
736 2114 837 2167 habere
852 2116 929 2182 quasi
945 2116 1022 2182 signa

172 2189 305 2256 quaedam
322 2194 351 2243 et
366 2194 445 2243 notas
463 2192 562 2260 quibus
580 2208 627 2243 eos
646 2191 692 2259 qui
710 2190 747 2243 ad
764 2190 911 2243 amicitiam
930 2196 1022 2245 essent

171 2264 262 2318 idonei
283 2264 449 2333 judicarent.
485 2268 555 2321 Sunt
581 2267 665 2333 igitur
691 2268 762 2320 firmi
792 2271 820 2320 et
850 2267 962 2319 stabiles
992 2272 1021 2321 et

171 2346 326 2395 constantes
339 2342 465 2411 eligendi,
478 2344 555 2412 cujus
568 2346 677 2411 generis
689 2348 731 2396 est
743 2360 841 2409 inagna
852 2344 973 2411 penuria,
991 2349 1020 2396 et

168 2418 291 2485 judicare
308 2418 417 2471 difficile
433 2424 476 2473 est
493 2437 557 2473 sane
574 2420 626 2472 nisi
644 2423 805 2487 expertum3
824 2420 1019 2488 experiendum

171 2498 213 2547 est
237 2498 329 2547 autem
353 2494 380 2547 in
405 2495 464 2563 ipsa
488 2496 624 2561 amicitia3
659 2496 699 2549 ita
721 2496 875 2564 praecurrit
901 2496 1020 2549 amicitia

168 2569 300 2636 judicium
333 2572 461 2640 tollitque
494 2573 654 2641 experiendi
686 2576 859 2640 potestatem.
904 2578 944 2626 63.
970 2572 1019 2625 Est

170 2648 254 2713 igitur
279 2648 423 2716 prudentis
452 2650 588 2703 sustinere
617 2653 649 2703 ut
678 2666 788 2703 currum
819 2650 856 2701 sic
886 2650 1018 2717 impetum

159 2720 382 2789 benevolentiae,
407 2742 461 2792 quo
484 2729 596 2779 utamur
622 2726 700 2793 quasi
727 2726 804 2793 equis
831 2726 953 2790 tentatis,
980 2724 1018 2774 sic

170 2798 302 2865 amicitiis,
324 2800 416 2867 aliqua
435 2804 515 2868 parte
536 2802 699 2869 periclitatis
718 2801 839 2853 moribus
863 2801 1017 2852 amicorum.

171 2874 286 2938 Quidam
311 2892 393 2945 saepo
417 2877 444 2929 in
468 2894 552 2945 parva
572 2879 686 2946 pecunia
711 2878 922 2952 perspiciuntur
935 2891 1015 2942 quam

170 2952 225 3004 sint
236 2951 325 3005 leves:
349 2953 461 3020 quidam
474 2952 598 3022 [avitcrnl
608 2971 677 3022 quos
689 2970 772 3021 parva
785 2969 893 3004 movere
905 2968 957 3003 nrm
970 2966 1016 3018 po
1038 3005 1043 3018 ⁴

169 3028 231 3094 tuit,
246 3032 444 3095 cognoscuntur
461 3030 488 3082 in
507 3047 612 3097 magna.
648 3029 695 3082 Sin
713 3033 793 3081 erunt
812 3027 895 3094 aliqui
914 3024 1015 3093 reperti

170 3104 215 3170 qui
233 3106 375 3171 pecuniam
389 3106 528 3174 praeferre
542 3105 679 3174 amicitiae
693 3106 834 3157 sordidum
851 3102 1015 3165 existiment,

169 3178 214 3231 ubi
234 3196 281 3232 cos
299 3180 466 3234 inveniemus
484 3182 531 3249 qui
552 3181 676 3248 honores,
693 3180 876 3247 magistratus,
895 3176 1015 3238 imperia,
