2242 3542
293 133 363 183 nra.
380 134 428 195 11.,
444 132 524 183 car.
541 131 620 183 x111.
636 132 723 192 xiv,
741 130 861 190 §ra-ro,
954 134 1001 180 raa

156 216 299 286 orationis,
310 233 428 286 quarum
441 215 471 269 in
483 217 571 268 altera
585 232 674 269 sermo
690 215 734 281 sit,
745 214 776 267 in
789 216 875 267 altera
889 221 1001 267 conten·

156 299 206 364 tio,
216 314 272 349 non
283 298 364 351 estid
375 298 489 366 quidem
499 297 618 350 dubium
628 296 697 365 quin
710 295 853 349 contentio
866 295 1003 348 orationis

158 379 291 431 maiorem
305 378 363 430 vim
380 378 483 430 lrabeat
500 378 536 429 ad
555 377 744 447 gloriam-ea
763 382 804 427 est
823 376 898 427 enim
917 390 1002 442 quam

157 457 347 526 eloquentiam
360 457 531 519 dicimus-z
551 458 602 509 sed
620 463 715 509 tamen
730 455 845 508 difficile
862 455 943 508 dictu
962 460 1002 508 est

157 542 264 605 quanto
280 552 362 606 opere
378 534 510 588 conciliet
525 535 633 587 animos
652 534 770 587 comitas
784 534 1003 602 adfabilitasque

157 615 301 679 sermonis.
338 617 459 668 Exstant
477 614 612 685 epistolae
631 618 659 667 ct
677 614 807 683 Philippi
827 615 864 667 ad
883 616 1003 667 Alexan-

157 697 239 749 drum
263 700 291 749 et
312 696 457 765 Antipatri
481 697 518 749 ad
541 696 727 749 Cassandrum
751 700 780 747 et
803 695 941 764 Antigoni
966 696 1004 747 ad

158 777 323 845 Philippum
339 776 436 844 filium,
450 776 534 828 trium
552 775 911 844 prudentissimorum—sic
930 777 1004 827 cuim

158 856 456 925 accepimus-quibus
477 855 656 925 praecipiunt
677 862 710 908 ut
735 855 860 908 oratione
881 856 1005 925 benigna

158 936 350 1001 multitudinis
371 936 478 989 animos
498 936 535 988 ad
554 936 777 989 benevolentiam
798 935 935 988 adliciant
955 935 1005 986 mi-

159 1017 278 1085 litesque
293 1017 397 1069 blande
412 1017 582 1086 appellando
598 1032 723 1068 sermone
739 1016 890 1071 delaniant.
928 1017 1005 1083 Quae

159 1103 251 1150 autem
263 1097 293 1149 in
307 1097 488 1149 multitudine
502 1112 566 1149 cum
579 1096 760 1149 contentione
773 1097 892 1149 habetur
904 1096 1002 1159 oratio,

134 1242 137 1247 Ι
159 1193 192 1230 ea
213 1194 295 1246 saepe
314 1176 470 1229 universam
491 1178 597 1229 excitat
617 1177 654 1228 ad
673 1176 802 1245 gloriam.
839 1177 944 1246 Magna
964 1182 1006 1228 est

159 1258 234 1310 enim
255 1258 404 1309 admiratio
425 1257 537 1326 copiose
560 1256 754 1326 sapienterque
777 1257 905 1325 dicentis,
922 1274 1006 1325 quem

160 1338 208 1407 qui
231 1338 350 1391 audiunt
372 1338 534 1405 intellegere
560 1338 645 1389 etiam
667 1342 696 1388 et
718 1353 813 1405 sapere
835 1339 899 1405 plus
922 1354 1006 1406 quam

160 1426 267 1471 ceteros
286 1419 465 1470 arbitrantur.
505 1417 534 1469 Si
549 1432 616 1468 vero
635 1416 708 1467 inest
724 1417 754 1467 in
773 1418 899 1469 oratione
917 1417 1007 1469 mixta

160 1497 299 1551 modestia
311 1498 442 1567 gravitas,
454 1497 526 1549 nibil
539 1496 733 1549 admirabilius
744 1496 804 1549 fieri
814 1502 908 1566 potest
918 1515 1006 1566 eoque

161 1580 259 1648 magis,
277 1580 300 1631 si
320 1595 351 1631 ea
370 1578 483 1631 suntin
502 1578 688 1631 adolescente.
724 1580 767 1632 49.
788 1579 852 1646 Sed,
867 1595 932 1631 cum
950 1579 1007 1647 sint

160 1661 241 1729 plura
260 1675 404 1711 causarum
419 1675 529 1728 genera,
543 1674 616 1727 quae
635 1658 824 1726 eloquentiam
839 1659 1006 1724 desiderent,

160 1741 297 1810 multique
321 1741 350 1793 in
370 1747 465 1793 nostra
486 1739 647 1809 republica
669 1740 861 1793 adolescentes
882 1746 910 1793 et
930 1741 1007 1810 apud

161 1822 268 1875 iudices
289 1828 317 1875 ct
340 1823 416 1891 apud
436 1823 573 1891 populum
593 1826 621 1874 et
640 1822 716 1890 apud
738 1828 865 1874 senatum
885 1822 1008 1874 dicendo

162 1904 275 1955 laudem
294 1902 420 1955 adsecuti
439 1902 503 1967 siut,
517 1902 640 1954 maxima
658 1910 700 1954 est
718 1903 868 1954 admiratio
886 1902 916 1953 in
935 1903 1008 1954 iudi·
1040 1920 1044 1925 ·

162 1983 355 2050 ciis,quorum
374 1983 445 2034 ratio
468 1983 575 2050 duplex
594 1986 643 2034 est.
680 1983 753 2034 Nam
773 1998 808 2034 ex
831 1983 1007 2035 accusatione

163 2068 191 2116 et
209 2080 244 2115 ex
263 2061 424 2114 defensione
444 2065 562 2127 constat,
577 2077 695 2129 quarum
710 2062 762 2114 etsi
778 2062 948 2116 laudabilior
966 2069 1008 2117 ost

163 2142 297 2208 defensio,
310 2148 404 2194 tamen
419 2142 502 2194 etiam
519 2142 661 2193 accusatio
675 2143 795 2210 probata
809 2160 942 2213 persaepe
958 2150 1008 2199 est.

162 2224 231 2277 Dixi
249 2224 346 2293 paullo
367 2230 431 2274 ante
453 2224 490 2274 de
508 2223 615 2274 Crasso.
660 2222 740 2275 Idem
758 2223 826 2275 fecit
846 2225 1009 2278 adolescens

162 2307 199 2359 M.
214 2303 359 2357 Antonius.
397 2303 491 2355 Etiam
505 2304 537 2357 P.
553 2302 671 2371 Sulpicii
690 2304 880 2371 eloquentiam
899 2321 1009 2358 accusa-

162 2387 203 2440 tio
229 2383 388 2451 illustravit,
409 2400 472 2436 cum
500 2383 664 2436 seditiosum
694 2390 723 2436 et
749 2384 879 2437 inutilem
909 2387 1006 2452 civem,

162 2472 192 2523 C.
206 2467 379 2533 Norbanum,
392 2465 422 2516 in
438 2463 576 2516 iudicium
589 2463 709 2517 vocavit.
746 2467 788 2518 50.
810 2466 866 2519 Sed
879 2468 934 2520 hoc
950 2469 1008 2536 qui-

163 2551 228 2603 denr
247 2564 303 2599 non
322 2552 365 2598 est
383 2561 464 2614 saepe
483 2544 644 2597 faciendum
662 2562 714 2597 nec
732 2561 864 2613 umquam
884 2548 939 2600 nisi
958 2554 1008 2600 aut

163 2627 344 2698 reipublicae
357 2642 449 2691 causa,
460 2631 492 2677 ut
503 2624 612 2693 ii,quos
625 2631 690 2677 ante
703 2625 773 2693 dixi,
784 2631 833 2679 aut
846 2628 1008 2696 ulciscendi,

163 2714 195 2762 ut
210 2710 267 2760 duo
282 2707 401 2773 Luculli,
415 2712 464 2759 aut
478 2705 637 2774 patrocinii,
651 2712 683 2757 ut
698 2723 749 2758 nos
764 2723 814 2776 pro
835 2707 944 2775 Siculis,
957 2723 1009 2777 pro

165 2789 261 2841 Sardis
270 2788 299 2840 iu
309 2787 430 2840 Albucio
439 2786 534 2839 Iulius.
558 2786 591 2837 In
606 2788 764 2839 accusando
773 2787 856 2839 etiam
867 2790 912 2840 Μ’.
922 2788 1009 2855 Aqui-

164 2868 203 2920 lio
222 2869 253 2919 L.
268 2867 342 2919 runi
363 2866 477 2937 cognita
496 2866 634 2918 industria
656 2872 705 2920 est.
744 2868 834 2919 Semel
852 2868 941 2937 igitur
961 2876 1009 2919 ant

165 2965 222 3001 non
242 2963 322 3015 saepe
342 2954 423 2999 certe.
461 2946 510 2999 Sin
529 2946 583 2998 erit
601 2946 647 2999 cui
661 2945 821 3000 faciendum
837 2948 874 2999 sit
889 2948 1008 3016 saepiae,

165 3030 204 3080 rei
214 3027 342 3096 publicae
355 3028 460 3079 tribuat
469 3027 524 3078 hoc
537 3026 667 3100 muneris,
678 3027 757 3079 cuirrs
769 3027 898 3079 inimicos
911 3028 1009 3080 ulcisci

144 3136 147 3142 ·
166 3106 276 3171 saepius
289 3123 345 3159 non
358 3112 399 3160 est
412 3107 689 3177 reprehendendum:
705 3108 808 3159 modus
818 3113 912 3160 tamen
926 3108 1017 3165 adsit*
