2242 3542
122 133 154 178 68
433 129 482 177 DE
502 128 655 180 OFFICIIS

122 220 247 266 naturam
258 213 370 280 vimque
381 212 535 279 divisimus,
546 212 653 281 primus
663 211 719 280 ille,
730 212 779 281 qui
793 212 824 264 in
833 213 893 267 veri
902 228 971 284 ceg-

122 294 229 346 uitione
246 293 382 359 consistit,
393 292 514 345 maxime
529 298 659 345 naturam
674 293 792 362 attingit
805 294 971 350 humanam.

124 375 226 426 Omnes
242 373 316 425 enim
337 373 474 425 trahimur
493 380 521 425 et
540 373 669 426 ducimur
691 373 728 426 ad
748 374 921 442 cognitionis
940 381 972 428 et

123 453 253 506 scientiae
274 453 469 522 cupiditatem,
486 453 517 505 in
533 470 589 522 qna
604 455 738 507 excellere
754 453 904 522 pulchrum
919 469 973 522 pu-

123 539 222 599 tamus,
236 533 294 585 labi
313 541 415 599 autem,
429 549 524 598 errare,
538 532 654 599 nescire,
668 530 762 601 decipi
778 538 807 584 et
820 533 925 585 malum
940 539 972 586 et

124 618 205 682 turpe
221 613 358 667 (1001111110.
396 615 429 664 In
445 614 500 666 hoc
514 629 617 682 genere
632 618 660 666 et
676 612 797 665 naturali
810 617 839 664 et
851 614 972 666 honesto
1030 645 1033 649 ν

124 695 181 746 duo
197 695 267 747 vitia
283 695 399 747 vitanda
414 699 495 748 sunt:
515 710 611 761 unum,
624 711 659 746 ne
675 693 889 762 incognitapro
904 711 972 763 cog-

124 775 191 828 nitis
204 776 356 828 habeamus
369 775 459 842 iisque
471 780 575 826 temere
588 774 794 828 adsentiamur:
813 775 892 842 quod
904 774 972 827 viti-

125 873 171 908 0111
190 856 309 925 effugere
326 855 374 923 qui
390 857 474 919 volet,
489 871 585 907 omnes
600 861 693 907 autem
709 856 781 908 velle
796 855 909 922 debent,
921 855 971 907 ad·

125 939 235 992 hibebit
247 939 284 991 ad
294 937 512 990 considerandas
525 953 569 988 res
581 940 609 988 et
619 941 731 1005 tempus
743 941 771 989 et
781 936 971 1005 diligentiam.

127 1023 168 1073 19.
185 1021 313 1073 Alterum
332 1024 373 1070 est
388 1018 495 1083 vitium,
510 1017 722 1084 quodquidam
737 1017 820 1069 nimis
835 1033 972 1086 magnum

126 1100 251 1152 studium
265 1101 437 1165 multamque
452 1114 566 1166 operam
578 1097 609 1149 in
618 1113 662 1150 res
674 1098 806 1150 obscuras
819 1102 903 1165 atquc
915 1097 971 1150 dif-

125 1181 211 1233 ficiles
226 1180 372 1232 conferunt
390 1180 556 1246 easdemque
574 1195 631 1230 non
645 1179 821 1232 necessarias.
860 1178 972 1245 Quibus

127 1261 205 1313 vitiis
220 1260 369 1314 declinatis
385 1261 462 1327 quod
476 1259 507 1311 in
522 1260 605 1311 rebus
621 1260 746 1312 honestis
764 1265 793 1312 et
807 1259 970 1328 cognitione

128 1343 223 1412 dignis
237 1358 337 1411 operae
350 1357 489 1409 curaeque
502 1344 631 1410 ponetur,
641 1341 673 1394 id
685 1339 745 1394 iure
757 1341 928 1407 laudabitur,
938 1346 971 1393 ut

126 1423 155 1476 in
165 1423 316 1492 astrologia
326 1423 355 1476 O.
365 1421 520 1490 Sulpicium
529 1421 696 1489 audivimus,
705 1422 735 1474 in
744 1422 897 1491 geometria
906 1421 970 1474 Sex.

126 1505 292 1575 Pompeium
306 1503 361 1572 ipsi
374 1502 567 1572 cognovimus
578 1505 682 1555 multos
694 1503 724 1554 in
736 1503 900 1570 dialecticis,
909 1503 972 1571 plu-

128 1601 171 1637 res
186 1585 216 1637 in
231 1585 289 1637 iure
306 1584 399 1638 civili:
419 1601 490 1651 quae
507 1600 602 1636 omnes
617 1588 690 1636 artes
704 1585 734 1636 in
746 1585 807 1636 veri
821 1585 971 1652 investiga-

127 1667 203 1720 tione
219 1671 371 1731 versantur,
385 1665 464 1718 cuius
479 1665 574 1718 studio
590 1683 606 1718 a
620 1667 703 1718 rebus
718 1666 848 1735 gerendis
866 1665 971 1718 abduci

128 1753 225 1800 contra
241 1745 365 1799 officium
381 1751 430 1799 est.
464 1747 587 1801 Virtutis
602 1747 675 1800 enim
691 1749 752 1800 laus
770 1747 860 1800 omnis
878 1747 908 1799 in
927 1762 971 1799 ao-

127 1829 203 1881 11000
217 1827 359 1881 consistit:
379 1844 395 1879 a
408 1843 464 1894 qua
474 1831 567 1880 tamen
581 1828 614 1881 fit
625 1827 795 1882 intermissio
807 1845 889 1898 saepe
900 1829 971 1880 mul-

127 1911 205 1978 tique
225 1911 329 1962 dantur
348 1909 384 1962 ad
404 1909 499 1963 studia
518 1910 632 1979 reditus,
645 1915 707 1964 tum
726 1910 845 1980 agitatio
862 1909 971 1977 mentis,

128 2009 199 2060 quae
212 2007 365 2058 numquam
380 1990 541 2059 acquiescit,
552 1995 646 2060 potest
655 2008 706 2044 nos
718 1991 748 2044 in
761 1991 863 2044 studiis
875 1990 971 2059 cogni-

128 2073 213 2125 tionis
223 2072 308 2125 etiam
318 2073 377 2125 sine
388 2090 473 2142 opera
482 2077 577 2126 nostra
586 2074 736 2127 continere.
767 2073 865 2126 Omnis
877 2079 972 2126 autem

129 2155 265 2223 cogitatio
278 2159 427 2222 motusque
440 2154 527 2207 animi
540 2156 628 2207 autin
641 2155 765 2207 consiliis
777 2154 922 2223 capiendis
935 2154 972 2205 de

96 2299 101 2316 Ι
128 2238 211 2290 rebus
225 2237 353 2289 honestis
372 2242 400 2289 et
415 2237 621 2306 pertinentibus
640 2238 677 2290 ad
692 2237 762 2290 bene
780 2238 915 2305 beateque
929 2236 971 2286 vi-

129 2317 251 2370 vendum
267 2325 316 2370 aut
332 2317 362 2368 in
378 2317 480 2369 studiis
495 2317 628 2370 scientiae
644 2317 871 2386 cognitionisque
882 2333 971 2369 versa-

128 2397 212 2450 bitur.
250 2398 292 2448 Ac
307 2399 342 2450 de
356 2397 446 2466 primo
460 2398 575 2466 quidem
589 2397 675 2450 officii
686 2398 764 2451 fonte
777 2398 908 2450 diximus.

165 2477 227 2530 VII.
254 2479 295 2531 20.
311 2479 355 2529 De
367 2478 456 2530 tribus
472 2483 565 2530 autem
576 2479 691 2546 reliquis
702 2477 836 2530 latissime
848 2481 927 2546 patet
939 2493 972 2528 ea

130 2556 208 2621 ratio,
223 2573 279 2624 qua
296 2557 415 2610 societas
429 2557 574 2611 hominum
588 2559 663 2612 inter
674 2559 750 2627 ipsos
765 2563 794 2611 et
804 2559 879 2613 vitae
892 2556 973 2625 quasi

130 2637 316 2690 communitas
329 2639 497 2693 continetur.
525 2639 616 2702 ¹Cuius
628 2643 722 2708 partes
735 2639 806 2692 duae
820 2643 899 2691 sunt:
919 2637 972 2689 ius

110 2689 116 2798 l,
130 2717 202 2784 titia,
212 2718 242 2768 in
256 2735 312 2785 qua
325 2719 437 2773 virtutis
451 2724 492 2772 est
502 2720 634 2790 splendor
646 2719 792 2786 maximus,
803 2736 838 2772 01(
851 2735 907 2786 qua
918 2717 973 2769 viri

116 2855 119 2868 ,
130 2797 199 2850 boni
211 2799 396 2866 nominantur,
406 2807 434 2853 et
446 2801 512 2852 11010
526 2801 675 2853 0001011010
686 2799 877 2868 beneficentia,
888 2815 972 2868 quam

113 2884 117 2912 ²
131 2881 257 2934 eamdem
272 2883 317 2934 vel
332 2882 535 2952 benignitatem
552 2883 597 2935 vel
616 2881 812 2934 liberalitatem
831 2882 972 2950 appellare

114 2961 204 3032 ilicet.
240 2962 432 3014 Sedinstitiae
448 2961 973 3030 ρ11010011110000001,01000010010
1052 2996 1054 3003 1

122 3041 300 3094 λ-110000111101
320 3042 462 3094 lacessitus
481 3042 590 3109 iniuria,
605 3043 709 3095 deinde
728 3046 761 3094 ut
778 3043 974 3094 communibus

123 3121 182 3190 ipro
195 3122 390 3174 communibus
402 3125 504 3189 utatur,
514 3122 633 3191 privatis
644 3127 677 3175 ut
688 3122 753 3176 suis.
786 3124 828 3176 a1.
842 3123 913 3175 Sunt
926 3138 972 3175 au·
