2242 3542
88 145 90 150 '
136 143 182 189 luo
245 178 247 185 .
444 141 663 191 odorricus

128 231 181 279 tur.
219 226 317 293 Itaque
332 242 361 279 sc
376 226 424 277 alii
437 227 472 278 ed
486 226 703 295 philosophiam,
714 226 763 279 alii
774 227 811 279 ad
824 226 868 279 ius
880 227 975 296 civile,

128 307 178 360 alii
190 308 228 359 ad
241 307 430 376 eloquentiam
443 308 596 377 applicant,
605 309 784 378 ipsarumque
794 308 932 361 virtutum
943 309 976 363 in

128 389 184 441 alia
197 388 268 441 alius
283 390 390 441 mavult
403 391 544 442 excellere.
585 391 644 443 116.
664 391 788 456 Quorum
802 406 868 441 vero
881 394 976 458 patres

127 474 176 522 eut
189 469 307 522 maiores
323 469 418 537 eliqua
433 470 523 539 gloria
537 470 744 539 praestiterunt,
753 471 775 523 ii
787 471 905 523 student
916 472 976 540 ple·

128 565 243 618 rumque
251 549 355 602 'eodem
368 550 398 601 in
411 566 510 618 genere
523 550 616 603 laudis
629 552 811 616 excellerent
822 551 975 617 Q.Mucius

127 634 158 684 P.
168 634 198 685 F.
208 631 236 683 in
249 632 309 685 iure
322 631 407 698 civili,
416 631 508 684 Paulli
517 632 592 684 filius
603 632 752 685 Africanus
765 632 795 684 in
808 648 837 685 re
850 632 973 687 militari.

130 712 253 777 Quidam
267 718 361 765 autem
376 714 413 765 ad
426 729 472 765 eas
485 713 591 779 laudes,
602 729 673 780 quas
686 730 703 765 a
717 713 846 781 patribus
860 729 975 781 accepe-

128 798 199 855 runt,
209 794 320 846 addunt
333 792 455 861 aliquam
469 809 555 860 suem,
566 799 597 845 ut
607 792 654 844 nic
666 793 743 845 idem
755 793 905 845 Africanus
917 794 975 845 elo-

128 874 242 940 quentia
261 874 416 926 cumulavit
430 873 559 925 bellicam
578 872 705 941 gloriam,
719 873 796 942 quod
814 872 891 926 idem
905 872 974 925 fecit

127 952 290 1006 Timotheus
305 954 427 1006 Cononis
441 954 523 1021 filius,
534 953 584 1021 qui
598 970 663 1005 cum
679 954 746 1005 belli
761 954 844 1006 laude
859 970 917 1005 non
931 953 974 1005 in-

126 1032 209 1085 ferior
223 1034 320 1086 fuisset
333 1051 416 1103 quam
430 1040 517 1103 pater,
529 1034 566 1087 ad
582 1050 642 1086 eam
657 1034 770 1086 laudem
783 1033 928 1087 doctrinae
945 1040 974 1086 et

125 1112 233 1181 ingenii
250 1115 369 1183 gloriam
387 1116 498 1169 adiecit.
536 1115 585 1167 Fit
600 1120 692 1168 autem
708 1114 852 1167 interdum
867 1120 973 1167 utnon

125 1196 197 1248 nulli
210 1196 310 1248 omissa
322 1196 479 1249 imitatione
493 1198 628 1250 maiorum
641 1213 722 1249 suum
736 1197 881 1265 quoddam
892 1196 973 1248 insti-

125 1281 218 1329 tutum
236 1282 447 1345 cousequantur,
461 1278 583 1330 maxime
601 1278 631 1329 in
650 1294 683 1329 eo
698 1278 862 1347 plerumque
878 1278 973 1329 elabo-

126 1362 188 1409 rant
203 1357 232 1425 ii,
246 1358 295 1425 qui
311 1374 413 1428 magna
428 1358 482 1410 sibi
496 1364 659 1427 proponunt
673 1358 799 1411 obscuris
816 1357 872 1410 orti
886 1357 973 1409 maio-

125 1437 210 1491 ribus.
250 1440 309 1491 117.
332 1440 410 1491 Haec
424 1438 512 1507 igitur
527 1438 628 1504 omnia,
643 1454 707 1490 cum
726 1437 884 1506 quaerimus
899 1437 972 1506 quid

126 1519 233 1586 doceat,
247 1520 397 1589 complecti
415 1520 508 1571 animo
525 1525 553 1572 et
568 1519 740 1588 cogitatione
756 1519 896 1571 debemus.
936 1519 972 1571 In

111 1598 222 1682 pprimis
231 1606 324 1651 autem
333 1600 560 1652 constituendum
571 1606 614 1652 est
623 1616 693 1667 quos
702 1616 754 1651 noa
763 1606 792 1651 ct
802 1600 898 1667 quales
911 1615 971 1652 esse

112 1679 242 1811 quelimus
261 1685 289 1731 et
308 1682 337 1731 iu
357 1697 413 1748 quo
431 1696 531 1749 genere
550 1680 633 1747 vitae,
650 1696 722 1748 quae
742 1679 908 1732 deliberatio
928 1684 972 1731 est

124 1759 249 1812 omnium
262 1760 435 1815 difficillima.
472 1763 589 1813 Ineunte
605 1761 680 1813 enim
695 1760 891 1826 adolescentia,
905 1775 971 1813 cum

125 1848 166 1893 est
184 1840 306 1893 maxima
323 1842 502 1894 imbecillitas
520 1842 639 1906 consilii,
653 1846 713 1894 tum
732 1840 763 1893 id
780 1840 834 1893 sibi
851 1840 971 1909 quisquc

124 1938 213 1989 genus
228 1922 326 1975 aetatis
342 1924 488 1991 degenda-c
505 1922 660 1988 constituit,
674 1922 752 1990 quod
767 1921 886 1974 maxime
903 1922 971 1973 ada-

111 2002 218 2107 rmavit.
256 2004 354 2071 Itaque
379 2009 442 2055 ante
466 2002 628 2071 implicatur
650 2001 745 2070 aliquo
769 2007 844 2054 certo
868 2018 970 2071 genere

124 2098 262 2152 cursuque
280 2084 395 2136 vivendi
417 2099 501 2151 quam
521 2082 617 2152 potuit
638 2082 715 2151 quod
737 2081 876 2151 optimum
897 2088 971 2135 esset

122 2163 254 2217 iudicare.
294 2166 352 2217 118.
375 2165 448 2216 Nam
471 2164 548 2232 quod
570 2164 721 2215 Herculem
742 2162 905 2215 Prodicium
926 2162 970 2214 di-

124 2248 199 2311 cunt,
216 2250 246 2296 ut
265 2250 306 2295 cst
325 2246 401 2312 apud
420 2244 645 2313 Xenophontem,
661 2259 725 2295 cum
743 2243 864 2312 primum
882 2242 970 2311 pube

123 2330 218 2390 sceret,
235 2324 312 2392 quod
331 2330 442 2393 tempus
464 2341 480 2377 a
502 2330 603 2377 natura
623 2324 660 2376 ud
679 2324 862 2392 deligendum
883 2339 970 2391 quam

124 2406 242 2473 quisquo
256 2405 330 2457 viam
343 2405 459 2458 vivendi
472 2405 509 2457 sit
520 2404 695 2473 ingressurus
708 2404 806 2457 datum
821 2408 870 2471 est,
879 2404 970 2457 exisse

112 2478 153 2538 'in
166 2485 347 2538 solitudinem
360 2493 445 2553 atque
458 2485 499 2537 ibi
513 2487 657 2538 sedentem
668 2484 717 2537 diu
731 2501 825 2537 secum
838 2485 970 2536 multum-

111 2557 178 2639 ique
193 2566 343 2631 dubitasse,
353 2583 415 2619 curn
432 2567 501 2618 dues
517 2571 641 2618 cerneret
656 2565 723 2630 vias,
736 2581 820 2618 unam
833 2566 969 2636 Volupta-

112 2645 167 2747 jtis,
183 2647 299 2699 alteram
314 2647 443 2714 Virtutis,
460 2652 551 2698 utram
569 2645 682 2715 ingredi
700 2645 800 2697 melius
818 2650 897 2711 esset,
915 2644 969 2695 boc

112 2728 239 2804 qureuli
260 2728 336 2780 Iovis
359 2734 420 2780 satu
443 2726 520 2779 edito
542 2726 638 2795 potuit
659 2725 775 2778 sortasse
796 2724 968 2793 contingere,

116 2808 205 2882 ¹,nobis
221 2824 277 2859 non
295 2808 371 2875 item,
386 2808 436 2875 qui
453 2806 597 2859 imitamur
612 2822 682 2875 quos
701 2806 802 2873 cuique
817 2805 908 2859 visum
925 2810 969 2856 est

118 2891 207 2956 'atque
227 2889 264 2942 ad
283 2905 377 2940 eorum
397 2887 491 2940 studia
510 2886 694 2954 institutaque
714 2885 892 2955 impellimur,
909 2885 968 2953 ple-

117 2982 239 3036 lrumquc
255 2975 347 3020 autern
361 2967 520 3035 parentium
532 2966 688 3035 praeceptis
703 2966 806 3018 imbuti
821 2966 859 3018 ad
872 2981 970 3017 eorum

116 3048 354 3117 monsuetudinem
374 3063 532 3115 moremque
552 3047 726 3101 deducimur.
764 3046 824 3098 Alii
841 3044 970 3098 multitu-

119 3127 200 3179 ldinis
214 3127 321 3180 iudicio
336 3127 463 3179 feruntur
478 3143 604 3194 quaeque
619 3127 716 3180 maiori
729 3127 802 3196 parti
814 3125 969 3195 pulcherri-
