2242 3542
103 138 150 185 174
413 136 462 185 DE
479 136 637 186 eramus

100 222 205 290 “quod
226 221 295 274 utile
317 220 365 288 sit,
384 222 461 289 quod
483 222 618 291 expediat
626 223 652 275 l''
687 222 778 273 Immo
800 223 947 292 intellegat

100 302 173 354 nihil
187 318 239 354 nec
257 302 391 371 expedire
411 319 463 354 nec
482 303 552 355 utile
571 319 630 355 esse
648 303 728 370 quod
746 302 784 355 sit
802 302 945 357 iniustum

101 382 165 435 Hoc
178 384 227 451 qui
239 400 296 434 non
307 383 451 450 didicerit,
462 384 553 435 bonus
566 384 609 435 vir
621 400 679 436 esse
692 400 749 435 non
762 384 873 453 poterit.
904 386 945 437 77.

101 464 257 517 Fimbriam
272 466 447 517 consularem
461 465 611 517 audiebam
625 466 660 517 de
675 472 752 534 patre
768 470 863 517 nostro
879 481 947 535 puer

101 544 225 615 iudicem
250 546 288 598 M.
304 546 420 598 Lutatio
441 546 574 598 Pinthiae
593 544 687 613 fuisse,
708 545 797 613 equiti
820 546 947 599 Romano

100 642 167 678 sane
181 627 307 693 honesto,
317 615 382 702 eum
393 626 418 678 ie
430 626 610 695 sponsionem
619 625 731 678 fecisset
742 641 776 678 ru
788 641 840 677 vra
852 641 948 679 Bonus

101 720 196 759 assur.
234 707 334 775 Itaque
346 706 374 759 ei
383 706 489 759 dixisse
498 706 654 759 Fimbriam
666 722 696 757 se
709 706 786 758 illam
799 723 856 759 rem
868 722 937 758 num

105 803 187 855 quam
208 788 408 855 iudicaturum,
425 804 460 840 no
480 793 530 839 aut
549 787 684 857 spoliaret
703 787 778 839 fania
798 788 947 857 probatum

102 868 253 934 hominem,
261 868 286 919 si
299 876 398 921 contra
410 868 600 936 iudicavisset,
609 875 659 921 aut
668 868 797 920 statuisse
807 868 949 921 videretur

101 948 193 1001 virum
208 950 315 1001 bonum
333 965 392 1001 esse
410 949 541 1017 aliquem,
555 965 620 1001 cum
635 965 668 1001 ea
682 965 725 1001 res
740 948 948 1002 innumerabili-

101 1029 155 1081 bus
167 1029 267 1082 officiia
280 1036 311 1083 et
324 1030 456 1082 laudibus
469 1030 667 1083 contineretur.
704 1030 779 1081 Huic
790 1030 878 1098 igitur
887 1030 948 1082 viro

103 1112 185 1178 bono,
200 1127 283 1180 quem
298 1110 423 1162 Fimbria
443 1110 536 1177 etiam,
549 1127 607 1162 non
622 1110 708 1162 modo
725 1111 851 1163 Socrates
866 1127 946 1163 nore·

102 1198 153 1258 rat,
173 1192 251 1243 nullo
276 1191 362 1243 modo
384 1190 477 1243 videri
499 1195 593 1259 potest
615 1192 771 1259 quidquam
796 1208 855 1245 esse
879 1192 947 1244 utile

100 1273 181 1339 quod
199 1289 256 1325 non
274 1273 424 1325 honestum
442 1271 488 1326 sit.
524 1272 625 1339 Itaque
644 1273 708 1325 talis
725 1272 769 1324 vir
787 1290 844 1325 non
862 1274 948 1325 modo

102 1353 199 1421 faeere,
220 1353 270 1406 sed
295 1370 330 1405 ne
356 1352 481 1421 cogitare
506 1352 622 1421 quidem
646 1354 805 1421 quidquam
831 1354 948 1406 audebit

101 1436 181 1502 quod
194 1452 250 1486 non
263 1435 365 1487 audeat
378 1435 546 1503 praedicare.
585 1435 663 1487 Haec
675 1452 732 1487 non
744 1441 827 1504 turpe
842 1441 884 1486 est
897 1435 948 1487 du·

103 1515 193 1568 bitare
207 1516 401 1585 philosophos,
411 1531 484 1582 quae
501 1532 536 1567 ne
550 1515 650 1567 rustici
663 1516 947 1583 quidemdubitentl

101 1612 120 1647 a
133 1596 236 1664 quibus
254 1603 352 1649 natum
366 1602 410 1648 est
425 1598 464 1664 id,
478 1598 556 1665 quod
571 1596 628 1649 iam
643 1597 795 1649 contritum
814 1603 856 1649 est
869 1603 946 1650 vetu-
1016 1643 1019 1647 .

101 1681 175 1729 state
192 1677 380 1746 proverbium.
418 1678 489 1729 Ounr
508 1677 583 1729 enim
601 1680 685 1729 talem
704 1678 821 1731 alicuius
839 1678 947 1731 bonita-

101 1762 215 1825 temque
234 1758 358 1822 laudant,
374 1758 521 1827 “dignum
541 1760 624 1811 esse'’
644 1759 742 1811 dieunt
759 1759 896 1826 “quicum
917 1760 947 1811 in

101 1838 225 1891 tenebris
240 1838 351 1891 mices.''
389 1839 452 1891 Hoc
464 1854 550 1906 quam
565 1839 651 1892 habet
666 1840 723 1891 vim
740 1839 794 1891 nisi
809 1840 894 1907 illam,
908 1842 947 1892 ni·

103 1918 145 1971 hil
158 1919 290 1989 expedire
304 1920 381 1988 quod
394 1936 451 1972 non
464 1920 572 1987 deceat,
583 1920 668 1973 etiam
682 1920 706 1971 si
721 1920 752 1971 id
765 1920 854 1989 possis
868 1922 947 1973 nullo

102 1999 245 2053 refellente
268 2002 412 2055 obtineret
450 2003 492 2056 78.
509 2001 632 2054 Videsne
654 2001 707 2053 hoc
729 2001 877 2070 proverbio
901 2018 948 2054 ne·

102 2097 157 2149 que
177 2083 252 2151 Gygi
275 2082 318 2135 illi
339 2099 420 2151 posse
441 2081 554 2135 veniam
576 2082 638 2135 dari
660 2098 749 2150 neque
770 2082 947 2150 huic,que1n

103 2164 200 2231 paullo
219 2168 285 2215 ante
304 2164 445 2232 fingebam
464 2163 620 2231 digitorum
639 2162 818 2230 percussione
838 2164 947 2215 heredi-

103 2247 175 2296 tates
187 2244 313 2295 omnium
325 2260 406 2313 posse
420 2245 600 2297 converrerel
637 2244 675 2297 Ut
686 2242 769 2309 enim,
779 2245 856 2311 quod
866 2251 948 2313 turpe

102 2325 203 2392 estid,
214 2324 343 2392 quamvis
355 2326 520 2392 occultetur,
530 2331 624 2389 tamen
637 2324 785 2377 honestum
798 2324 857 2376 fieri
869 2326 948 2377 nullo

103 2406 189 2457 modo
207 2409 309 2473 potest,
322 2405 372 2472 sie,
385 2407 465 2473 quod
480 2406 628 2457 honestum
647 2422 703 2457 non
721 2410 771 2472 est,
785 2405 816 2457 id
831 2405 901 2457 utile
915 2412 947 2477 ut

101 2484 141 2536 sit
154 2484 226 2537 effici
241 2502 299 2537 non
315 2492 407 2554 potest
421 2488 586 2539 adversante
605 2492 634 2538 et
649 2493 823 2555 repugnante
838 2493 946 2541 natura.

102 2567 166 2621 XX.
204 2569 246 2619 79.
260 2569 300 2617 At
318 2566 401 2632 enim,
417 2582 481 2618 cum
500 2583 653 2636 permagna
671 2567 795 2635 praemia
815 2572 889 2633 sunt,
906 2572 947 2619 cst

103 2664 187 2699 causa
212 2647 357 2716 peceandi.
395 2648 425 2701 Ο,
445 2648 550 2699 Marius
576 2664 640 2699 cum
667 2664 683 2699 a
709 2664 758 2715 spe
785 2649 947 2700 consulatus

104 2729 187 2796 longe
208 2729 317 2781 abesset
335 2733 365 2780 et
383 2728 440 2779 iam
460 2728 612 2796 septimum
632 2743 736 2779 annum
755 2733 820 2795 post
837 2734 947 2796 praetu-

104 2822 163 2858 ram
181 2807 285 2860 iaceret
300 2825 390 2875 neque
405 2808 544 2876 petiturus
564 2823 695 2874 uinquam
715 2808 890 2859 consulatum
906 2808 946 2859 vi·

103 2887 223 2955 deretur,
238 2889 270 2955 Q.
284 2889 436 2952 Metellum,
451 2888 531 2939 cuius
546 2888 655 2955 legatus
670 2892 736 2954 erat,
750 2903 889 2941 summum
905 2889 946 2940 vi·

103 2983 165 3020 rum
177 2975 206 3020 et
218 2970 316 3033 civem,
325 2987 389 3021 cum
404 2971 440 3021 ab
453 2986 494 3035 eo,
504 2969 670 3037 imperatore
682 2985 741 3036 suo,
751 2971 869 3023 Romam
882 2972 946 3024 mis-

102 3062 151 3097 sus
172 3055 251 3115 esset,
271 3051 349 3117 apud
370 3050 507 3117 populum
529 3049 686 3101 Romanum
712 3050 874 3103 criminatus
895 3054 944 3118 est,

104 3125 235 3179 “bellum
247 3128 327 3181 illum
340 3128 456 3183 ducere:
476 3128 500 3181 si
515 3145 544 3183 se
559 3129 702 3181 consulem
715 3128 853 3200 fecissent,
866 3124 944 3187 brevi
