2242 3542
341 162 432 210 CATO
451 162 581 210 MAJOR.
617 163 696 210 GAP.
715 163 793 211 XIX,
965 167 997 214 23

144 259 207 298 rare
219 244 292 298 idem
305 261 388 298 senex
400 259 454 297 non
466 248 565 314 potest.
603 245 771 314 Incipienter
783 250 884 313 sperat
923 246 996 311 Quid

144 321 217 374 onim
230 321 341 375 stultius
359 338 441 390 quam
459 322 565 376 ineerta
582 338 632 391 pro
651 323 734 377 certis
745 322 854 389 habere,
865 322 934 376 falsa
946 341 996 392 pro

143 397 232 451 verisl
268 397 357 451 Senex
376 415 410 451 ne
428 397 502 466 quod
520 406 614 468 speret
633 403 743 470 quidem
762 401 856 454 habet.
898 401 935 452 At
953 405 996 455 est

143 485 175 522 eo
199 472 311 526 meliore
332 473 487 528 conditione
511 492 592 544 quam
617 475 781 549 adolescens,
805 476 934 543 quoniam
959 473 996 539 id,

142 546 217 614 quod
233 547 274 598 ill„
292 557 392 614 sperat,
405 550 448 602 hic
460 549 543 618 [jam]
555 557 717 604 consecutus
730 556 781 604 est.
812 549 865 602 Ille
877 549 937 603 vult
949 549 996 602 diu
1021 606 1024 613 ,

147 619 253 685 rivere;
271 619 315 672 hie
327 618 376 673 diu
387 621 464 672 vixit
493 625 533 674 69.
555 620 734 689 Quamquam,
747 638 763 673 o
775 621 821 673 Ilii
833 619 911 673 boni!
931 620 998 689 quid

147 698 191 748 est
208 695 237 748 in
254 695 370 748 hominis
383 697 440 750 vita
458 696 520 750 diu!
559 697 603 749 Ila
615 698 686 750 enim
700 714 858 765 supremum
874 700 997 765 tempus:

57 809 61 812 -
147 775 335 840 exspectemus
353 772 551 826 Tartessiorum
570 773 643 840 regis
661 777 787 826 aetatem.
828 773 892 826 Fuit
917 774 997 827 onim.

146 850 178 900 ut
198 848 329 915 scriptum
346 848 432 914 video,
454 849 659 916 Arganthonius
677 849 788 916 quidam
808 848 932 903 Gadibus
949 851 996 918 qui

146 925 285 991 octoginta
295 925 420 991 regnavit
432 941 523 992 annos,
543 928 652 978 centum
670 929 700 978 et
715 925 814 992 viginti
829 926 905 979 vixit.
942 925 996 978 Sed

147 999 269 1053 mihine
289 1000 449 1053 diuturnum
468 1000 580 1068 quidem
598 998 748 1068 quidquam
768 1001 879 1055 videtur
896 1002 925 1054 in
942 1018 997 1071 quo

146 1079 190 1130 est
200 1076 304 1145 aliquid
317 1081 484 1131 extremum:
497 1094 582 1146 quum
594 1076 667 1130 enim
679 1077 708 1129 id
720 1078 840 1146 advenit,
852 1082 918 1131 tuuc
928 1078 996 1132 illud

146 1152 221 1222 quod
234 1153 379 1222 praeteriit
393 1153 511 1207 effluxit:
527 1157 639 1223 tantum
658 1157 783 1207 remanet
801 1154 876 1222 quod
893 1154 996 1208 virtuto

146 1234 174 1283 et
186 1234 261 1283 recte
273 1229 352 1282 factis
364 1235 523 1283 consecutus
536 1230 580 1283 sis.
617 1231 710 1283 Horae
723 1231 834 1298 quidem
847 1231 949 1284 cedunt
967 1234 996 1284 et

146 1306 204 1359 dies
216 1309 245 1360 et
256 1322 363 1358 menses
376 1309 405 1358 et
417 1307 488 1373 anni,
500 1323 549 1359 nec
561 1307 741 1375 praeteritum
755 1311 863 1375 tompus
875 1323 995 1374 uuquam
1010 1336 1019 1385 q

145 1383 301 1449 revertitur,
315 1399 365 1435 nec
377 1382 444 1449 quid
457 1387 590 1450 suquatur
598 1382 661 1435 sciri
673 1387 773 1450 potest.
805 1382 885 1446 Quod
897 1383 995 1450 cuique
1014 1402 1016 1413 ·

145 1459 276 1527 temporis
292 1457 328 1511 ad
345 1459 489 1512 vivendum
508 1459 599 1526 datur,
617 1476 649 1512 co
668 1457 752 1512 debet
768 1475 828 1511 csse
843 1462 993 1511 contentus,
1013 1426 1019 1507 l

146 1541 160 1592 7
163 1541 186 1588 0.
204 1535 302 1603 Neque
320 1535 392 1588 euim
410 1535 535 1588 histrioni
552 1539 585 1589 ut
602 1536 709 1604 placeat
727 1535 885 1604 peragenda
902 1533 995 1587 fabula

146 1615 202 1676 cst3
220 1611 301 1665 modo
318 1611 347 1664 in
366 1628 526 1679 quocunque
544 1611 628 1666 luerit
646 1615 710 1664 actu
721 1610 869 1680 probetur;
887 1627 937 1663 nec
954 1627 994 1663 sa

145 1688 231 1755 pienti
249 1705 336 1756 usque
354 1687 391 1741 ad
404 1687 532 1741 Plaudite
544 1687 708 1741 veniendum
726 1691 777 1741 est.
814 1687 903 1739 Breve
921 1685 993 1739 enim

145 1768 253 1832 tempus
277 1763 377 1817 aetatis
402 1765 469 1817 satis
491 1768 533 1818 est
555 1764 666 1832 longum
684 1763 720 1816 ad
738 1763 808 1817 beno
826 1762 994 1829 honesteque

68 1854 69 1858 ¹
145 1839 298 1893 vivendum.
335 1841 383 1894 Sin
400 1841 565 1909 processeris
588 1840 702 1908 longius,
723 1857 777 1893 non
796 1840 883 1906 magis
901 1838 993 1892 dolen-

50 1921 53 1926 '
146 1915 211 1968 dum
230 1920 272 1969 est
290 1933 372 1984 quam
390 1916 523 1984 agricolao
544 1917 645 1983 dolent,
663 1915 814 1984 praeterita
830 1915 907 1968 verni
924 1919 993 1968 tem-

145 1991 219 2060 poris
242 1994 378 2046 suavitate
392 1995 526 2046 aestatem
548 1995 766 2060 autumnumque
783 1992 896 2045 venisse.
935 1991 993 2044 Ver

145 2069 218 2126 enim
245 2072 385 2135 tamquam
412 2068 625 2122 adolescentiam
655 2068 789 2134 siguificat
817 2068 993 2136 ostenditque

145 2143 251 2199 fructus
264 2144 385 2196 futuros:
403 2143 509 2210 reliqua
525 2147 651 2211 tempora
668 2143 841 2196 demetendis
858 2143 992 2196 fructibus

146 2221 175 2272 ct
186 2219 368 2287 percipiendis
383 2219 586 2272 accommodata
598 2223 667 2272 sunt.
705 2223 744 2276 71.
764 2219 882 2271 Fructus
899 2222 992 2272 autem

145 2296 295 2348 senectutis
314 2297 362 2360 cst,
379 2297 411 2348 ut
429 2310 511 2362 saepe
533 2294 598 2361 dixi,
617 2299 681 2348 ante
699 2299 840 2363 partorum
861 2293 992 2348 bonorum

145 2371 277 2424 memoria
294 2375 323 2424 et
335 2371 417 2439 copia.
455 2370 553 2424 Omnia
569 2388 640 2440 vcro,
659 2388 730 2440 quae
748 2372 897 2425 secundum
914 2378 992 2425 uatu—
1005 2389 1041 2472 q,

145 2463 204 2500 ram
216 2447 293 2514 fiunt,
308 2451 371 2501 suut
383 2446 509 2504 habenda
520 2448 549 2501 in
561 2448 644 2503 bonis.
683 2448 756 2513 Quid
768 2453 811 2502 est
826 2453 919 2502 antem
935 2453 992 2502 tam

145 2524 295 2577 secundum
319 2528 445 2577 naturam
467 2541 548 2592 quam
570 2525 680 2578 senibus
698 2525 801 2579 emerit
827 2525 901 2594 quod
918 2525 992 2578 idom

145 2601 280 2668 contingit
299 2601 517 2655 adolescentibus
535 2602 698 2656 adversante
716 2606 745 2655 et
761 2606 930 2671 repugnante
947 2618 993 2654 na-

145 2680 215 2730 tura.
252 2678 351 2746 ltaque
369 2678 555 2731 adolescentes
573 2679 642 2731 mori
660 2679 698 2731 sic
720 2678 785 2731 mihi
807 2678 942 2740 videntur,
960 2680 992 2730 ut

73 2768 75 2770 ·
145 2770 229 2821 quum
241 2771 328 2821 aquae
341 2753 518 2807 multitudine
531 2755 571 2807 vis
583 2754 708 2808 flammae
719 2754 895 2822 opprimitur:
914 2769 992 2806 senos

144 2835 238 2882 autem
260 2831 330 2883 sicut
348 2847 396 2883 sua
416 2833 512 2898 sponte
534 2831 609 2883 nulla
629 2830 753 2883 adhibita
769 2830 796 2882 vi
815 2832 991 2896 consumptus

144 2905 215 2972 ignis
239 2907 434 2974 exstinguitur:
466 2911 494 2960 et
523 2907 601 2975 quasi
624 2923 705 2975 poma
732 2924 765 2960 cx
794 2905 945 2969 arboribus,
968 2906 991 2956 si

144 2981 229 3034 cruda
248 2985 318 3049 sunt,
339 2983 366 3035 vi
403 2983 572 3046 avelluntur;
597 2984 620 3035 si
637 2988 746 3036 matura
766 2987 795 3036 ot
816 2984 898 3045 cocta,
921 2980 991 3033 deci-

145 3058 231 3110 dunt:
249 3057 288 3110 sic
303 3059 387 3111 vitam
405 3058 624 3112 adolescentibus
635 3061 676 3112 vis
691 3060 788 3124 aufert,
807 3056 917 3110 senibus
935 3073 991 3110 ma-

144 3133 262 3198 turitas3
288 3150 358 3202 quae
379 3134 491 3203 quidem
512 3133 579 3186 mihi
597 3137 654 3186 tam
674 3134 798 3202 jucunda
818 3135 862 3186 est
880 3135 919 3197 ut,
937 3147 992 3199 quo

144 3209 256 3278 propius
285 3209 321 3262 ad
352 3215 467 3264 mortem
497 3209 633 3273 accedam,
663 3211 741 3278 quasi
765 3213 868 3262 temam
897 3206 1016 3282 videreq
