2242 3542
550 2 848 105 illatae*

346 151 437 200 CATO
455 153 588 203 MAJOR.
623 154 700 202 CAP.
720 150 780 199 XV.
962 151 989 199 ll

143 230 258 299 Livium,
272 230 318 299 qui
333 249 416 299 quum
435 248 484 285 sex
500 234 578 287 annis
594 237 658 287 ante
675 248 757 300 quam
772 248 823 299 ego
837 232 918 284 natus
932 246 990 283 smn

142 307 260 361 fabulam
290 306 427 361 docuisset
457 309 579 362 Centone
610 308 801 377 Tuditanoque
831 306 989 372 consulibus¹

143 399 228 451 usque
248 382 283 435 ad
301 383 511 443 adolescentiam
523 401 614 437 meam
632 385 766 452 processit
783 388 882 435 aetate.
920 383 992 446 Quid

143 459 178 511 de
198 459 227 511 P.
242 459 335 511 Licinii
356 459 446 513 Crassi
466 464 495 513 et
513 460 647 528 pontificii
660 463 689 513 et
708 459 794 512 civilis
810 457 882 525 juris
901 457 992 510 studio
1073 501 1075 504 .

143 535 258 602 loquarl
277 539 324 588 aut
336 536 371 589 de
389 534 471 603 hujus
485 536 513 589 P.
527 536 660 603 Scipionis
672 536 719 602 qui
731 535 774 587 his
792 535 888 601 paucis
897 533 993 586 dicbus

147 611 271 664 Pontifex
291 612 425 665 Maximus
443 612 532 665 factus
550 614 611 665 esti
649 612 736 677 Atqui
755 626 801 663 eos
819 627 912 662 omnes
925 626 993 678 quos

144 688 351 741 commemoravi
380 687 422 740 his
451 687 549 741 studiis
583 686 731 755 flagrantes
762 703 840 739 senes
869 686 991 741 vidimus

146 765 182 817 nl.
195 782 259 817 vcro
273 764 426 831 Cethegum
445 780 526 831 quem
544 768 620 816 recte
632 763 739 816 Suedas
756 763 903 815 medullam
923 762 993 814 dixit

147 842 255 906 Ennius,
275 844 377 907 quanto
396 840 486 892 studio
505 840 627 891 exerceri
645 840 673 892 in
697 839 813 892 dicendo
834 838 992 891 videbamus

146 917 229 969 etiam
243 913 347 967 senem!
386 915 460 977 Quae
473 918 536 967 sunt
554 915 639 981 igitur
651 916 791 983 epularum
803 919 851 967 aut
867 914 991 967 ludorum
1031 924 1036 932 ’

146 994 194 1045 aut
206 995 356 1043 scortorum
374 990 528 1057 voluptates
546 1007 607 1043 cum
625 990 668 1043 his
685 990 870 1058 voluptatibus
887 1007 991 1057 compa·
1010 1014 1017 1026 =

147 1066 267 1119 randael
305 1067 398 1133 Atque
417 1066 484 1118 haec
496 1066 607 1132 quidem
626 1066 718 1119 studia
736 1067 883 1119 doctrinae.
917 1067 993 1129 Quae

147 1140 259 1210 quidem
283 1140 463 1211 prudentibus
487 1146 517 1195 et
546 1141 616 1195 bene
645 1143 778 1195 institutis
802 1142 906 1211 pariter
931 1157 991 1195 cum

147 1221 238 1271 aetate
251 1221 383 1282 crescunt,
396 1224 428 1270 ut
446 1216 590 1270 honestum
602 1218 670 1270 illud
690 1218 794 1271 Solonis
807 1219 850 1284 sit,
863 1218 938 1285 quod
956 1218 995 1271 ait

81 1350 84 1357 ,
148 1294 278 1348 versiculo
299 1294 426 1361 quodam,
446 1297 477 1346 ut
494 1296 558 1345 ante
577 1294 642 1359 dixi,
655 1311 798 1347 senescere
817 1311 846 1346 sc
863 1294 949 1346 multa
966 1290 992 1342 in

148 1369 206 1441 dies
216 1369 400 1423 addiscentem
411 1390 417 1435 ;
430 1385 483 1436 qua
493 1369 634 1437 voluptate
641 1371 722 1421 animi
735 1369 809 1422 nulla
817 1374 894 1424 certe
903 1374 994 1439 potest

149 1462 208 1498 csse
221 1446 315 1513 major.
365 1468 367 1473 ·

201 1521 261 1573 XV.
279 1527 319 1573 51.
339 1520 425 1573 Venio
437 1537 508 1573 nnnc
521 1520 556 1573 ad
574 1520 728 1589 voluptates
746 1520 925 1587 agricolarum
938 1520 991 1587 qni-

150 1596 198 1649 bus
212 1614 261 1664 ego
274 1596 472 1649 incredibiliter
484 1596 613 1662 delector,
627 1613 698 1664 quae
710 1613 760 1649 nec
772 1596 828 1649 ulla
844 1596 993 1664 impedium·
1050 1643 1053 1654 ,

150 1676 196 1727 tur
225 1678 367 1725 senectute
396 1674 424 1725 et
449 1671 514 1724 mihi
544 1671 580 1723 ad
610 1672 739 1739 sapientis
763 1672 847 1724 vitam
872 1672 994 1739 proxime

150 1748 275 1801 videntur
294 1748 431 1801 accedere.
468 1748 581 1800 Habent
599 1746 671 1800 enirn
689 1749 822 1801 rationem
840 1765 901 1800 curn
920 1753 995 1800 terra

151 1842 220 1891 quae
250 1841 387 1891 nunquam
411 1828 518 1876 recusat
541 1824 693 1891 imperium,
716 1840 767 1877 nec
793 1822 915 1891 unquam
939 1825 996 1876 sinc

151 1917 231 1952 usura
243 1900 335 1953 reddit
348 1900 421 1968 qnod
440 1900 550 1967 aceepit,
564 1900 614 1951 sed
632 1899 698 1952 alias
711 1900 822 1964 minore,
834 1900 995 1967 plerumque

152 1976 253 2042 majore
265 1992 326 2028 cum
337 1975 437 2027 fenore.
464 1975 635 2043 Quamquam
647 1991 691 2027 me
704 1975 814 2042 quidem
827 1992 880 2028 non
892 1976 995 2029 fructus

101 2117 103 2121 .
151 2051 231 2103 modo
250 2051 298 2103 scd
317 2052 404 2104 etiam'
416 2052 501 2117 ipsius
519 2054 611 2103 terrac
629 2052 670 2103 ris
688 2068 720 2104 ac
739 2056 839 2104 natura
863 2052 997 2113 delectat;

152 2144 221 2195 quae
240 2143 324 2194 quum
344 2128 446 2193 gremio
464 2126 568 2180 mollito
585 2143 616 2179 ac
634 2127 746 2179 subacto
764 2144 886 2195 sparsum
905 2144 995 2181 semen

152 2204 267 2269 excepit,
280 2203 398 2269 primum
409 2201 437 2253 id
455 2207 626 2255 occoecatum
644 2202 760 2269 cohibet,
773 2220 807 2255 ex
825 2220 879 2271 quo
896 2205 997 2257 occatio

152 2295 222 2347 quae
234 2278 283 2331 hoc
295 2278 376 2331 efficit
387 2279 524 2331 nominata
536 2283 593 2344 cst;
610 2279 709 2331 deinde
721 2280 887 2347 tepefactum
900 2297 998 2347 vapore
1073 2327 1075 2333 .

152 2359 180 2408 et
192 2371 348 2422 compressu
360 2370 408 2406 suo
421 2354 539 2407 diffindit
557 2359 586 2408 et
605 2355 678 2407 elicit
696 2354 901 2409 herbescentem
913 2373 947 2408 ex
966 2373 997 2409 co

152 2431 334 2484 viriditatem:
353 2447 422 2499 quae
435 2432 498 2483 nixa
517 2432 594 2483 fibris
607 2432 733 2499 stirpium
748 2433 847 2486 sensim
859 2432 998 2497 adolescit,

152 2508 293 2575 culmoque
317 2508 408 2559 erecta
432 2508 585 2573 geniculato
603 2509 714 2575 ¹vaginis
728 2509 786 2576 jam
806 2510 882 2577 quasi
901 2507 999 2576 pubes-

152 2598 215 2635 cens
227 2583 389 2648 includitur;
408 2601 423 2637 e
436 2584 535 2658 quibus
555 2602 639 2652 quum
658 2587 777 2652 emersit,
789 2584 880 2637 fundit
892 2585 997 2650 frugem

152 2659 218 2727 spici
231 2660 324 2712 ordino
337 2664 469 2713 structam
482 2665 511 2714 et
528 2666 623 2715 contra
641 2662 730 2715 avium
748 2662 882 2713 minorum
894 2669 999 2711 morsus

152 2734 273 2789 munitur
291 2736 360 2789 vallo
378 2737 530 2790 aristarum.
566 2743 607 2791 52.
627 2737 699 2801 Quid
722 2755 772 2806 ego
796 2738 891 2789 vitium
915 2732 1017 2800 ortus,

152 2815 235 2880 satus,
250 2813 417 2866 incrementa
435 2815 663 2867 commemorem?
698 2815 799 2869 Satiari
818 2812 999 2867 delectatione

152 2904 205 2939 non
216 2905 332 2955 possum,
346 2893 377 2941 ut
389 2905 466 2941 meae
479 2892 628 2943 senectutis
646 2892 800 2959 requietem
820 2890 1000 2943 oblectamen·
1039 2954 1041 2959 ,

151 2967 266 3031 tumque
278 2964 403 3018 noscatis.
430 2964 534 3017 Omitto
548 2967 621 3018 enim
633 2967 688 3020 rim
700 2968 786 3035 ipsam
799 2966 918 3019 omnium
930 2979 1000 3031 quae

151 3044 316 3107 generantur
335 3043 451 3106 eterra,
471 3058 540 3109 quac
559 3058 593 3094 ex
612 3042 781 3097 fici-tantulo
799 3058 883 3109 grano
901 3044 949 3092 aut
966 3055 1000 3091 ex

151 3116 219 3169 acini
251 3116 358 3168 vineeeo
384 3121 432 3169 aut
456 3133 490 3169 ex
514 3122 667 3171 ceterarum
690 3119 800 3185 frugum
822 3133 855 3169 ac
875 3115 999 3184 stirpium

150 3193 340 3267 minutissimis
362 3192 509 3247 seminibus
530 3197 622 3247 tantos
643 3198 754 3246 truncos
776 3208 920 3259 ramosque
940 3208 1001 3258 pro
