2242 3542
124 132 170 179 leo
434 131 483 178 DE
501 131 655 181 urricus

121 214 203 268 aunis
221 214 332 282 aliquot
346 220 410 283 post
425 214 558 267 inciderit
574 216 602 266 in
620 214 749 267 eumdem
768 216 897 268 morbum
914 232 963 269 nee

120 296 158 347 ab
171 312 212 361 eo,
222 295 335 363 quicum
345 294 498 364 pepigerat,
507 294 638 363 impetret
652 301 682 347 ut
695 295 763 347 item
777 312 809 348 eo
819 296 903 349 liceat
916 297 966 363 uti,

121 377 193 445 quid
208 376 368 429 faciendum
385 376 429 429 sit.
467 378 537 429 Cum
556 376 632 429 sitis
650 376 827 443 inhumanae,
841 377 891 445 qui
909 394 966 429 non

121 458 266 522 eoueedut,
277 472 329 508 nee
344 456 370 508 ei
382 456 537 524 quidquam
549 456 600 509 fiat
614 456 741 523 iniuriae,
752 457 827 509 vitae
842 464 870 510 et
883 458 968 511 soluti

121 537 413 590 consulendum—93.
429 537 525 603 Quid?
546 536 642 605 siqui
663 537 774 605 sapiens
795 544 909 607 rogatus
931 539 967 591 sit

122 620 159 670 ab
178 635 220 684 eo,
236 618 284 684 qui
304 635 367 670 eum
385 617 517 670 heredem
535 617 628 685 faeiat,
646 621 732 670 “eum
755 618 782 669 ei
801 623 968 671 testamento

121 699 280 751 sestertium
299 699 409 751 miliens
427 699 608 765 relinquatur,
622 702 654 750 ut
672 704 737 750 aute
758 715 842 765 quam
861 700 968 751 heredi-

123 788 210 831 tatem
223 780 313 847 adeat,
324 781 385 832 luee
400 780 493 848 palam
507 778 607 831 infore
620 780 727 846 saltet,’'
738 779 826 846 idque
839 796 867 831 se
880 780 968 832 iactu-

123 877 184 912 rum
204 860 370 929 promiserit,
383 860 461 927 quod
481 859 563 911 aliter
582 859 713 911 heredem
732 876 795 911 eum
814 860 969 929 scripturus

123 942 171 993 ille
187 958 244 993 uon
259 946 339 1007 esset,
352 940 438 993 faciut
453 941 531 1008 quod
546 939 704 1008 promiserit
720 942 826 997 111111
863 942 970 993 Promi-

125 1023 192 1074 sisse
206 1024 308 1075 nollem
323 1028 351 1074 et
363 1022 393 1073 id
406 1022 527 1074 arbitror
538 1021 624 1074 fuisso
637 1021 791 1089 gravitatis
830 1022 969 1087 Quoniam

125 1104 262 1172 promisit,
272 1104 296 1154 si
309 1104 409 1155 saltare
422 1103 450 1154 iu
464 1102 524 1154 foro
537 1109 620 1170 turpe
633 1104 726 1165 dueet,
737 1102 882 1153 honestius
894 1119 969 1154 men-

124 1184 219 1249 tietur,
233 1184 257 1235 si
275 1200 310 1236 ex
326 1183 483 1235 hereditate
502 1182 574 1233 nihil
590 1183 703 1251 ceperit,
718 1183 841 1250 quamsi
856 1184 968 1252 ceperit,

125 1264 180 1316 nisi
195 1264 267 1316 forte
286 1280 346 1317 1111
363 1262 510 1333 pecuniam
526 1263 555 1314 iu
571 1263 610 1314 rei
627 1263 756 1331 publicae
772 1280 907 1332 maguum
922 1264 970 1315 ali-

127 1346 204 1413 quod
224 1351 335 1413 tempus
356 1344 514 1409 contulerit,
529 1349 562 1395 ut
582 1345 627 1397 vel
649 1344 758 1411 saltare,
778 1360 842 1397 cum
863 1344 970 1413 patriae

125 1428 302 1479 consulturus
315 1426 359 1494 sit,
371 1432 453 1493 turpe
465 1442 522 1477 non
535 1425 580 1478 sit.
931 1414 934 1419 ⁵

163 1509 251 1562 XXV.
289 1508 330 1560 94.
347 1507 391 1558 Ae
413 1523 447 1559 ne
471 1506 520 1557 illa
542 1506 657 1573 quidem
679 1506 814 1576 promissa
836 1507 971 1559 servanda

126 1595 201 1656 suut,
214 1605 285 1657 quae
299 1604 355 1639 nou
376 1593 441 1639 sunt
456 1588 491 1640 iis
506 1587 575 1656 ipsis
589 1587 678 1652 utilia,
689 1587 791 1655 quibus
805 1588 854 1639 illa
869 1588 971 1656 promi-

127 1670 201 1722 seris.
240 1670 288 1721 Sol
306 1668 478 1721 Phaethonti
495 1668 563 1734 filio,
580 1672 611 1719 ut
630 1669 776 1721 redeamus
799 1670 835 1721 ad
854 1668 970 1737 fabulae,

127 1750 264 1802 facturum
280 1765 309 1800 se
324 1765 383 1801 esse
397 1748 473 1801 dixit
485 1748 626 1816 quidquid
643 1753 773 1817 optasset.
812 1750 928 1818 Optavit
940 1757 972 1803 ut

127 1831 157 1883 in
176 1845 285 1882 currum
300 1829 388 1898 patris
403 1830 554 1882 tolleretur.
594 1829 726 1882 Sublatus
744 1835 793 1883 est.
830 1834 920 1898 Atque
939 1831 970 1897 is,

127 1918 192 1963 ante
203 1927 286 1979 quam
300 1910 434 1975 constitit,
443 1909 637 1962 ictufulmin'rs
648 1910 821 1978 deflagravit.
859 1912 971 1976 Quanto

128 1993 228 2045 melius
240 1991 329 2045 fuerat
342 1991 371 2042 iu
385 1991 439 2043 hoe
454 1991 621 2059 promissum
636 1991 724 2059 patris
739 2007 795 2043 uon
810 2008 868 2043 esse
883 2008 972 2044 serva·

128 2077 204 2136 turp!
242 2073 338 2139 Quid?
356 2073 433 2139 quod
446 2072 569 2123 'theseus
582 2070 677 2140 exegit
689 2071 856 2140 promissum
869 2089 885 2123 a
897 2073 972 2142 Nep·

128 2156 217 2207 tunol
235 2154 281 2205 eui
294 2170 357 2205 cum
372 2158 426 2204 tres
442 2151 601 2220 optationes
613 2152 762 2219 Neptunus
778 2152 910 2219 dedisset,
923 2170 972 2222 op-

129 2236 202 2288 tavit
216 2235 361 2287 interitum
376 2232 527 2302 Hippolyti
540 2232 600 2297 filii,
615 2248 679 2285 eum
699 2232 722 2284 is
737 2232 810 2300 patri
827 2240 972 2301 suspectus

128 2323 201 2367 esset
223 2315 258 2365 de
281 2330 406 2378 noverca,
426 2329 482 2381 quo
507 2318 606 2381 optato
628 2312 778 2381 impetrato
798 2314 919 2366 Theseus
941 2314 971 2366 in

129 2394 259 2448 inanimis
277 2394 330 2445 fuit
349 2394 477 2445 luet-ihus.
516 2396 557 2446 95.
577 2392 672 2459 Quidl
691 2394 886 2461 Agamemnon
908 2410 972 2447 eum

129 2476 289 2529 devovisset
304 2474 411 2526 Dianae
425 2478 440 2503 “
450 2474 528 2541 quod
540 2474 570 2525 11
587 2490 637 2525 suo
653 2490 739 2542 reguo
755 2474 971 2542 pulcherrimum

129 2564 227 2610 natum
248 2560 318 2608 esset
339 2555 390 2607 illo
415 2556 514 2618 anno,’'
534 2554 690 2606 immolavit
713 2554 898 2622 Iphigeniam,
917 2571 972 2623 qua

129 2639 200 2691 nihil
214 2643 272 2690 erat
287 2653 320 2688 eo
336 2635 450 2703 quidem
466 2651 540 2686 auno
554 2642 650 2686 natum
664 2634 816 2703 pulchrius.
854 2636 971 2688 Promis-

129 2736 190 2772 sum
203 2718 298 2788 potius
312 2733 366 2768 non
380 2715 540 2768 faciendum
557 2731 641 2782 quam
656 2721 713 2766 taur
729 2721 849 2768 taetrum
865 2714 973 2769 facinus

130 2799 337 2851 admittendum
357 2796 419 2850 fait.
456 2798 531 2865 Ergo
555 2802 584 2847 et
606 2796 741 2864 promissa
764 2811 821 2847 non
842 2794 973 2848 facienda

129 2898 187 2933 nou
204 2897 356 2948 numquam
375 2894 463 2945 neque
482 2892 589 2945 semper
604 2876 732 2945 deposita
750 2876 904 2930 reddenda.
943 2877 972 2929 Si

130 2961 257 3029 gladium
273 2960 335 3027 quis
350 2960 426 3027 apud
442 2964 470 3010 te
489 2974 557 3009 sana
575 2962 667 3008 mente
683 2956 851 3025 deposuerit,
864 2963 972 3025 repetet

131 3040 278 3106 insaniens,
287 3039 403 3091 reddere
418 3043 565 3107 peceatum
580 3036 624 3101 sit,
635 3035 757 3088 officium
773 3053 830 3089 non
844 3038 971 3090 reddere.

134 3119 262 3184 ——Quidl
283 3118 307 3173 si
321 3118 352 3183 is,
367 3118 416 3187 qai
435 3116 511 3185 apud
526 3122 554 3168 te
571 3115 718 3185 pecuniam
734 3116 902 3189 deposuerit,
915 3119 971 3170 bel·
