2242 3542
124 168 156 215 ιι
351 168 387 215 ιι.
406 170 533 217 irenen
557 143 749 219 nicanorus
773 177 777 185 ·

125 266 209 304 annos
228 266 287 303 esse
306 250 450 304 duxerunt.
486 252 566 316 Quod
584 254 628 304 est
645 252 732 303 multo
750 249 873 318 profecte
890 252 980 319 magis

125 327 153 379 iu
172 326 244 378 veris
261 326 386 395 patribus
408 327 545 394 certisque
567 326 729 379 faciendum.
766 325 884 378 Fructus
905 329 979 379 enim

127 406 228 473 ingenii
243 410 272 457 et
286 404 397 457 virtutis
412 404 554 472 omnisque
569 405 755 471 praestantiae
771 408 830 458 turn
844 405 981 459 maximus

126 481 233 548 capitur
246 496 328 547 quum
343 480 369 531 in
382 479 537 547 proximum
550 496 688 547 quemque
701 481 847 533 confertur.

180 556 241 609 XX.
261 562 299 612 71.
320 555 359 608 Ut
373 556 457 621 igitur
472 556 491 607 ii
507 556 553 623 qui
571 555 678 608 suntin
699 556 835 609 amicitiae
853 554 982 622 conjunc-

126 632 265 699 tionisque
285 632 486 684 necessitudine
508 633 671 699 superiores,
693 649 848 700 exaequare
869 649 898 684 sc
917 649 980 685 eum

126 707 299 761 inferioribus
318 707 429 773 debent,
449 706 487 760 sic
504 707 649 760 inferiores
663 724 717 761 non
735 709 828 761 dolere
845 726 874 761 se
891 725 907 760 a
923 710 981 761 suis

126 787 174 836 aut
187 783 295 851 ingenio
308 787 356 836 aut
369 784 478 836 fortuna
489 786 538 836 aut
551 783 687 850 dignitate
699 784 829 852 superari.
857 785 979 847 Quorum

126 860 248 928 plerique
278 863 326 912 aut
357 863 510 927 queruntur
540 876 648 927 semper
678 860 784 929 aliquid
813 865 861 914 aut
895 861 979 913 etiarn

126 935 310 1005 exprobrant3
332 952 419 1003 eoque
440 935 534 1002 magis,
557 935 580 987 si
601 935 704 989 habere
729 953 759 989 se
784 941 882 1004 putant
905 936 978 1003 quod

126 1012 242 1065 officiosa
267 1016 295 1065 et
319 1012 405 1064 amice
428 1014 458 1064 et
481 1027 542 1064 cum
567 1011 661 1064 labore
684 1012 776 1082 aliquo
802 1028 850 1064 suo
875 1014 979 1065 iactum

126 1092 228 1155 queant
249 1089 347 1141 dicere.
384 1086 515 1139 Odiosum
536 1104 601 1139 sane
622 1104 708 1155 genus
728 1087 867 1140 hominum
891 1088 980 1143 officia

126 1164 359 1231 exprobrantium,
370 1179 440 1229 quae
450 1163 607 1215 meminisse
618 1163 702 1217 debet
714 1164 738 1216 is
749 1164 777 1215 in
787 1181 868 1233 quem
880 1164 980 1217 coliata

126 1242 197 1307 sunt,
210 1256 263 1291 non
281 1255 492 1292 commemorare
510 1239 556 1306 qui
574 1238 698 1293 contulit.
736 1242 775 1295 72.
795 1239 978 1303 Quamobrem

126 1320 158 1368 ut
181 1315 200 1367 ii
227 1316 275 1384 qni
301 1315 456 1383 superiores
483 1318 547 1367 sumt
574 1314 738 1369 submittere
765 1333 794 1368 sc
821 1317 924 1369 debent
950 1316 978 1368 in

126 1392 252 1458 amicitia,
271 1392 310 1445 sie
328 1391 445 1459 quodam
467 1392 548 1445 medo
570 1392 712 1445 interiores
733 1393 871 1446 extollere.
908 1392 979 1445 Sunt

126 1469 198 1521 enim
211 1468 323 1537 quidam
336 1468 383 1536 qui
399 1468 529 1521 molestas
546 1468 680 1521 anricitias
697 1468 808 1535 faciunt,
825 1485 908 1536 quum
925 1469 979 1536 ipsi

126 1560 156 1596 se
168 1545 303 1597 contemni
315 1548 429 1611 putant;
442 1543 516 1611 quod
529 1561 582 1596 non
595 1543 652 1597 fere
665 1544 800 1611 contingit
815 1545 867 1596 nisi
882 1544 915 1596 iis
930 1545 978 1611 qui

126 1621 209 1673 etiam
229 1619 441 1673 contemnendos
461 1636 491 1672 se
511 1619 688 1686 arbitrantur,
711 1620 758 1689 qui
779 1619 830 1672 hac
851 1620 978 1688 opinione

127 1713 180 1748 non
202 1696 282 1749 modo
304 1696 395 1749 verbis
417 1694 570 1750 sedetiam
592 1713 675 1764 opere
699 1696 807 1751 levandi
831 1700 902 1750 sunt.
937 1700 978 1753 73.

126 1772 244 1824 Tantum
262 1777 354 1825 autem
372 1772 471 1840 cuique
489 1771 673 1839 tribuendum,
695 1774 820 1841 primum,
843 1769 976 1841 quantuni

126 1847 184 1914 ipse
203 1847 309 1900 efficere
326 1847 430 1915 possis;
449 1848 550 1901 deinde
569 1849 659 1916 etiam,
678 1854 811 1917 qnantum
829 1850 875 1903 ille
896 1866 977 1917 quem

126 1923 224 1990 diligas
243 1928 327 1991 atque
345 1922 459 1991 adjuves
479 1926 622 1977 sustinere.
661 1926 722 1977 Non
741 1925 812 1977 enim
831 1929 862 1978 tu
883 1926 977 1992 possis,

125 2000 251 2068 quamvis
268 2000 332 2053 licet
349 2000 472 2063 excellas,
489 2016 582 2053 omnes
601 2000 716 2053 tuosad
734 2000 851 2054 honores
868 2000 977 2069 amplis-

125 2076 208 2128 simos
225 2075 390 2145 perducere;
409 2080 441 2129 nt
451 2076 540 2144 Scipio
551 2076 581 2129 P.
592 2075 732 2143 Rupilium
741 2077 832 2144 potnit
841 2077 976 2129 consulein

125 2153 240 2220 efficere,
265 2153 378 2206 fratrem
406 2151 466 2220 ojus
493 2153 608 2206 Lucium
634 2170 688 2205 non
714 2153 812 2221 potuit.
849 2153 928 2217 Quod
954 2154 976 2205 si

126 2230 208 2282 etiam
223 2230 311 2298 possis
327 2229 435 2298 quidvis
452 2229 560 2282 deferre
577 2229 613 2282 ad
628 2230 752 2294 alterum,
770 2229 917 2283 ridendum
934 2237 978 2283 cst

125 2308 217 2358 tamen
231 2306 298 2372 quid
312 2306 358 2358 ilie
372 2306 458 2373 possit
474 2306 615 2359 sustinere.
653 2314 690 2362 74.
711 2305 828 2358 Omnino
842 2306 977 2358 amicitiae

126 2381 307 2434 corroboratis
315 2381 375 2448 jam
388 2381 609 2449 confirmatisque
625 2386 653 2435 ct
668 2382 783 2448 ingeniis
798 2386 827 2434 et
841 2381 978 2434 aetatibus

124 2456 289 2523 judicandae
309 2460 380 2523 sunt,
401 2473 451 2510 nce
464 2456 486 2508 si
503 2458 550 2525 qui
568 2459 680 2526 incunte
697 2462 789 2511 aetate
801 2457 916 2510 venandi
930 2464 978 2526 aaut

125 2532 196 2600 pilae
211 2531 326 2585 studiosi
340 2533 459 2597 fuerunt,
474 2550 520 2586 eos
535 2534 637 2587 habere
651 2534 817 2587 necessarios
834 2550 901 2602 quos
918 2537 977 2585 tum

126 2608 221 2661 codem
248 2608 339 2660 studio
363 2609 504 2677 praeditos
530 2610 703 2673 dilexerunt;
727 2610 781 2662 isto
805 2610 875 2662 enim
897 2609 978 2660 modo

126 2684 245 2736 nutrices
264 2688 292 2737 et
310 2685 460 2753 paedagogi
475 2684 539 2753 jure
562 2687 708 2738 vetustatis
729 2686 873 2754 plurimum
896 2684 978 2737 berre-

127 2760 259 2813 voientiac
271 2762 460 2829 postulabunt:
480 2763 527 2830 qui
539 2762 694 2829 negligendi
707 2763 818 2830 quidem
836 2779 888 2813 non
906 2764 977 2826 sunt,

126 2836 177 2888 sed
194 2836 246 2888 alio
269 2837 388 2905 quedam
409 2839 505 2891 modo:
527 2838 608 2890 aliter
628 2838 764 2890 amicitiae
786 2836 898 2889 stabiles
918 2853 978 2903 per-

126 2926 236 2963 manere
258 2928 311 2963 non
335 2917 456 2980 possunt.
494 2913 624 2980 Dispares
649 2913 719 2965 enim
744 2929 834 2964 mores
858 2912 978 2978 disparia

126 2986 217 3039 studia
238 2993 390 3055 sequuntur
411 3004 525 3055 quornm
548 2987 741 3039 dissimilitudo
762 2987 890 3039 dissociat
911 2988 978 3039 ann-

126 3061 222 3124 citias;
249 3079 299 3115 nec
324 3062 359 3115 ob
389 3063 470 3115 aliam
497 3078 605 3115 causam
634 3061 717 3113 ullam
743 3061 807 3114 boni
837 3061 976 3129 improbis,

127 3135 242 3201 improbi
260 3137 337 3191 bonis
352 3139 430 3191 amici
447 3154 507 3191 csse
525 3153 579 3189 non
597 3140 718 3205 possunt,
737 3137 787 3189 nisi
808 3138 881 3204 quod
899 3140 977 3189 tanta
1013 3153 1019 3161 ·

127 3212 171 3261 est
184 3211 257 3266 inter
271 3229 317 3267 eos
332 3217 435 3281 quanta
449 3212 569 3265 maxima
582 3215 675 3279 potest
691 3228 751 3264 esse
768 3228 872 3263 morum
889 3212 978 3263 studi-
