2242 3542
138 160 185 205 181
451 156 499 204 DE
516 156 669 207 ordiens

136 245 256 307 noceret,
271 240 320 308 qui
332 255 423 308 neque
434 240 517 293 irasci
529 243 600 294 solet
612 258 664 294 nec
676 242 799 296 nocere.”
833 242 911 294 Haeo
921 240 981 310 qui-

137 324 202 375 dem
215 321 286 373 ratio
299 337 356 373 non
367 321 460 390 magis
472 326 570 375 contra
579 322 682 391 Reguli
695 338 778 390 quarn
791 328 887 377 contra
900 338 982 375 omne

137 404 181 456 ius
193 402 345 455 iurandum
356 404 439 455 valet.
478 404 534 456 Sed
548 403 576 455 in
589 403 648 456 iure
661 403 779 456 iurando
794 421 851 455 non
864 404 913 472 qui
922 420 982 456 me·

136 490 191 550 tus,
203 483 252 537 sed
266 500 338 551 quae
351 484 394 536 vis
408 484 446 537 sit
459 485 543 537 debet
555 484 690 554 intellegi.
727 486 778 537 Est
793 485 868 537 enim
882 486 925 537 ius
940 485 982 537 iu·

137 565 257 617 randum
276 564 435 618 adfirmatio
451 565 591 634 religiosa.
629 566 714 632 Quod
729 569 822 618 autem
837 566 982 633 adfirmate

139 645 219 712 quasi
229 645 282 697 deo
292 636 361 698 teste
371 645 538 714 promiseris
547 645 580 699 id
589 647 741 699 tenendum
755 650 804 701 est.
835 646 895 699 Iam
908 646 983 699 enim

138 743 195 778 non
212 726 249 778 ad
263 726 335 778 iram
349 726 474 795 deorum,
487 742 558 794 quae
574 727 651 779 nulla
666 730 715 794 est,
729 727 780 780 sed
795 727 832 780 ad
846 726 984 781 iustitiam

138 812 167 859 et
182 808 220 859 ad
232 807 317 862 fidem
329 807 458 877 pertinet.
495 808 524 861 N
525 824 571 860 am
582 808 724 878 praeclare
736 807 858 861 Ennius:

214 930 236 977 0
249 930 324 976 Fides
337 932 403 977 alma
415 932 474 989 apta
485 931 571 989 plnnis
584 932 610 978 et
621 932 661 978 ius
674 932 810 978 iurandum
823 930 906 979 Iovis!

140 1049 196 1115 Qui
208 1048 252 1101 ius
265 1049 353 1118 igitur
367 1049 517 1101 iurandum
528 1049 625 1117 violat,
636 1049 660 1102 is
672 1050 757 1102 fidem
769 1048 866 1116 violat,
876 1050 892 1078 “
900 1066 984 1117 quam

139 1129 170 1181 in
185 1128 326 1197 Capitolio
341 1128 464 1182 vicinam
478 1129 555 1181 Iovis
572 1130 673 1198 optimi
688 1129 829 1197 maximi,”
843 1135 874 1181 ut
889 1129 918 1181 in
935 1131 985 1182 Oa-

139 1209 215 1262 tonis
230 1208 356 1260 oratione
374 1213 423 1277 est,
437 1209 580 1262 “maiores
594 1210 683 1262 nostri
701 1227 759 1262 esse
774 1210 985 1263 111111111111.”-η

141 1291 200 1343 105.
215 1291 275 1341 “At
289 1288 365 1341 enim
379 1305 414 1341 ne
428 1288 516 1341 iratus
529 1290 645 1357 quidem
657 1290 784 1359 Iuppiter
798 1290 863 1360 plus
875 1292 985 1359 Regulo

140 1370 282 1423 nocuisset
299 1386 384 1438 quam
402 1370 457 1421 sibi
476 1370 575 1423 noeuit
592 1370 652 1439 ipse
670 1371 821 1439 Regulus.”
859 1372 947 1440 Certe,
961 1371 986 1424 si

140 1451 213 1503 nihil
229 1452 334 1504 malum
353 1455 425 1503 esset
442 1450 498 1502 nisi
516 1452 619 1506 dolere.
657 1452 692 1503 Id
712 1454 805 1505 autem
824 1468 882 1505 non
900 1453 986 1506 modo

140 1549 197 1583 non
210 1548 350 1585 summum
362 1533 475 1600 malum,
484 1532 534 1584 sed
546 1549 582 1585 ne
593 1533 697 1585 malum
711 1532 826 1601 quidem
838 1550 897 1587 esse
909 1551 986 1587 max-

140 1614 197 1666 ima
218 1613 385 1666 auctoritate
403 1612 567 1682 philosophi
587 1613 744 1667 adfirmant.
783 1614 907 1680 Quorum
925 1616 986 1683 qui-

141 1693 206 1745 dem
218 1698 318 1747 testem
330 1710 387 1745 non
402 1692 579 1761 mediocrem,
588 1694 636 1746 sed
650 1694 727 1746 haud
740 1694 797 1747 scio
810 1711 845 1747 an
858 1696 986 1764 gravissi·

142 1790 218 1825 mum
228 1775 368 1844 Regulum
383 1773 478 1841 nolite,
487 1789 598 1841 quaese,
607 1773 772 1843 vituperare.
810 1776 898 1841 Quem
912 1777 986 1830 enim

141 1854 353 1923 locupletiorem
369 1853 527 1923 quaerimus
542 1871 627 1922 quam
645 1854 799 1924 principem
818 1858 916 1925 populi
933 1859 986 1910 uc

141 1936 225 2003 niani,
236 1936 286 2005 qni
297 1935 438 1989 retinendi
451 1935 535 1988 officii
548 1952 630 1989 causa
643 1936 796 1990 cruciatum
811 1938 927 1990 subierit
940 1955 987 1991 vo-

142 2015 314 2070 luntariuml
352 2017 426 2068 Nam
439 2016 516 2081 quod
532 2015 619 2083 aiunt,
631 2015 770 2068 “minima
785 2017 820 2069 de
836 2018 941 2079 malis,’'
955 2018 986 2071 iu

142 2102 192 2164 est,
206 2102 238 2148 ut
252 2096 371 2166 turpiter
389 2095 582 2165 potiusquam
602 2096 770 2163 calamitose,
785 2114 820 2149 an
839 2103 881 2151 est
897 2101 986 2151 ullum

142 2178 232 2231 maius
246 2179 349 2231 malum
362 2177 539 2247 turpitudine
550 2178 560 2230 l
580 2194 650 2245 quae
662 2177 687 2229 si
699 2177 728 2229 in
739 2177 915 2232 deformitate
927 2197 986 2239 cor·

142 2258 218 2326 poris
233 2259 320 2311 habet
335 2258 443 2327 aliquid
459 2257 626 2325 offensionis,
640 2263 745 2325 quanta
760 2258 808 2311 illa
824 2260 986 2327 depravatio

143 2342 171 2390 et
180 2337 301 2391 foeditas
311 2338 463 2408 turpificati
477 2338 565 2390 animi
577 2338 662 2391 debet
671 2338 777 2392 videri!
817 2341 875 2392 106.
888 2341 987 2408 Itaque

143 2419 288 2472 nervosius
303 2419 353 2486 qui
370 2418 425 2471 ista
440 2418 582 2473 disserunt
597 2420 689 2471 solum
707 2418 812 2471 audent
829 2421 933 2472 malum
946 2421 986 2473 di-

143 2516 205 2552 cere
219 2498 259 2566 id,
270 2499 348 2566 quod
362 2503 445 2566 turpe
460 2499 504 2564 sit,
516 2499 565 2565 qui
581 2504 673 2552 autem
688 2498 834 2568 remissius,
848 2500 879 2551 hi
894 2506 987 2554 tamen

143 2597 201 2633 non
225 2580 359 2633 dubitant
383 2595 522 2631 summum
548 2582 652 2633 malum
678 2581 778 2635 dicere.
817 2582 890 2635 Nam
914 2583 986 2637 illud

144 2660 267 2728 quidem,

290 2784 378 2843 Neque
392 2784 450 2830 dedi
463 2796 545 2841 neque
558 2785 591 2829 do
604 2785 701 2831 infideli
713 2787 839 2847 cuiquam,

144 2902 250 2955 idcirco
263 2906 337 2954 recte
349 2918 366 2953 a
375 2905 466 2971 poeta,
475 2900 550 2968 quia,
559 2917 623 2953 cum
635 2905 801 2954 tractaretur
809 2904 919 2972 Atreus,
927 2919 986 2973 per·

144 2999 227 3035 sonae
246 2982 424 3034 serviendum
439 2980 500 3034 fuit.
539 2982 595 3035 Sed
610 2981 634 3032 si
650 2982 703 3035 hoo
722 2982 777 3034 sibi
795 2989 913 3050 sument,
927 2984 985 3036 nul-

145 3063 200 3114 lam
215 3078 273 3115 csse
284 3062 369 3114 fidem
383 3078 453 3129 quae
469 3062 576 3115 infideli
590 3063 657 3115 data
672 3062 716 3129 sit,
727 3062 843 3116 videant
855 3080 890 3115 ne
904 3080 986 3131 quae-

145 3147 221 3193 ratur
240 3142 346 3193 latebra
366 3141 494 3202 periurio.
534 3144 593 3195 107.
612 3142 664 3193 Est
685 3142 729 3195 ius
751 3142 835 3196 etiam
855 3144 986 3198 bellicum
