2242 3542
131 158 162 203 42
360 154 398 203 M.
417 154 544 203 TULLII
562 154 752 202 CICERONIS

134 234 235 288 Videre
249 234 310 303 jam
319 234 416 288 videor
428 236 558 305 populum
571 252 587 288 a
599 239 698 289 senatu
708 236 884 305 disjunctum,
893 238 988 293 muti-

130 310 234 363 tudinis
249 311 363 363 arbitrio
378 328 423 364 res
437 312 569 365 maximas
583 313 635 380 agi.
672 312 768 366 Plures
789 312 861 367 enim
878 314 988 370 discent

131 390 363 459 quemadmodum
393 391 459 443 haee
483 391 550 443 fiant
575 408 657 459 quam
682 392 912 459 quemadmodum
941 393 988 446 his

131 468 283 519 resistatur.
319 473 361 519 4⁶2.
382 467 517 531 Quorsum
531 468 597 521 haec
609 471 617 522 l
655 469 726 533 Quia
738 469 796 522 siue
806 469 885 523 sociis
905 486 987 523 nemo

131 544 281 612 quidquam
295 544 350 597 tale
360 548 483 598 conatur.
522 545 747 614 Praecipiendum
760 550 804 600 est
810 546 897 614 igitur
905 546 986 601 bonis

130 624 168 688 ut,
182 620 204 672 si
217 621 245 672 in
258 621 393 688 ejusmodi
406 622 538 693 amicitias
550 622 637 689 ignari
651 640 715 676 casu
726 623 818 691 aliquo
830 622 986 691 inciderint,

131 715 164 751 ne
177 698 336 751 existiment
348 699 388 751 ita
400 716 429 751 se
442 699 568 766 alligatos
587 705 619 753 ut
634 700 668 753 ab
680 701 774 753 amieis
790 701 819 753 in
831 717 862 753 re
875 700 985 767 publiea

130 774 306 841 peccantibus
319 791 372 827 nou
391 774 547 829 discedant:
566 776 697 844 improbis
713 780 806 830 autem
823 792 912 845 pecua
930 780 956 829 st
973 807 985 815 -

130 849 233 903 tuenda
246 853 304 915 est;
322 868 372 905 nee
383 868 448 905 vero
461 852 549 905 minor
560 853 594 904 iis
605 853 652 920 qui
665 854 751 906 secuti
764 856 846 906 eruut
858 853 984 918 alterum,

108 940 111 944 ·
130 943 211 993 quam
228 927 262 981 iis
282 927 329 996 qui
341 929 392 999 ipsi
404 929 507 982 luerint
518 929 669 997 impietatis
681 929 771 983 duces.
808 928 875 993 QuIs
887 929 984 982 clarior
998 977 1001 982 ,

130 1001 157 1053 izr
166 1003 281 1057 Graecia
288 1005 485 1059 'l'hemistoelel
504 1005 566 1073 quis
575 1006 729 1072 potentiorl
747 1005 794 1074 qui
805 1021 888 1073 quum
898 1006 984 1073 impe

130 1094 144 1128 ι·
152 1079 400 1133 rtorbelloPersieo
407 1081 540 1134 servitute
550 1081 692 1134 Graeciam
701 1081 984 1149 liberasset,propter-

132 1171 186 1221 que
196 1155 325 1206 invidiam
336 1156 364 1205 in
376 1156 501 1207 exsilium
512 1157 641 1222 expulsus
650 1162 731 1223 esset,
741 1158 866 1224 ingratae
875 1159 984 1227 patriae

132 1229 257 1295 iujuriam
271 1246 325 1280 non
337 1229 401 1281 tulit
413 1246 494 1297 quam
507 1231 580 1282 ferre
593 1231 696 1285 debuit.
733 1232 811 1285 Fecit
823 1233 896 1285 idem
910 1233 984 1301 quod

133 1320 170 1356 xx
183 1305 258 1357 arnus
270 1308 334 1357 ante
347 1306 421 1373 apud
432 1322 481 1358 nos
493 1306 596 1359 lecerat
609 1308 775 1361 Coriolanus.
807 1308 860 1361 His
872 1309 984 1376 adjutor

131 1390 227 1433 contra
243 1381 361 1449 patriani
376 1382 503 1435 iuventus
519 1386 563 1435 est
580 1398 672 1436 nemo:
690 1384 785 1450 itaque
800 1387 918 1436 mortem
930 1384 983 1437 sibi

132 1458 395 1524 uterqueconseivit.
425 1464 466 1511 43.
480 1458 570 1521 (lirare
578 1458 640 1511 talis
649 1459 834 1526 improborum
842 1461 983 1513 consensio

131 1550 185 1585 nen
205 1534 285 1586 ruodo
303 1535 477 1587 excusatione
496 1535 633 1587 anricitiae
655 1534 773 1603 tegenda
791 1551 845 1587 non
866 1539 916 1601 est,
933 1536 983 1589 sed

131 1609 222 1677 potius
232 1609 364 1677 supplicio
374 1611 447 1662 omni
457 1609 711 1678 vindicandarum
721 1611 781 1678 quis
791 1609 983 1679 [sibileouces-

131 1700 191 1737 sum
204 1686 285 1753 putet
297 1685 413 1737 amicum
425 1685 467 1738 vel
483 1685 585 1738 bellum
599 1687 705 1755 patriae
719 1686 883 1740 inferentem
897 1687 983 1754 sequi

132 1762 211 1827 Quod
223 1762 341 1831 quidem,
354 1765 443 1815 utres
455 1762 546 1829 eoepit
557 1762 606 1830 ire,
623 1762 698 1816 haud
715 1764 770 1818 seio
782 1781 816 1817 an
834 1763 981 1832 aliquando

130 1838 251 1891 futurum
265 1838 308 1891 su.
345 1838 413 1891 Mihi
433 1843 525 1892 autem
541 1856 595 1891 uon
616 1840 713 1893 minori
732 1856 814 1893 curae
833 1844 876 1893 est
892 1839 981 1907 qualis

130 1931 174 1966 res
187 1914 295 1979 publiea
307 1918 369 1983 post
383 1918 499 1969 mortem
518 1932 608 1968 meam
626 1916 719 1968 futura
735 1917 772 1969 sit
791 1933 873 1984 quam
893 1915 981 1983 qualis

130 1990 210 2043 hodie
223 1992 266 2044 su,

183 2067 269 2123 XIII.
290 2074 331 2121 44.
351 2068 428 2121 Haec
442 2068 526 2136 igitur
539 2069 628 2137 prima
636 2070 681 2122 lex
693 2069 830 2123 amicitiae
843 2070 981 2123 sanciatur

131 2148 161 2197 ut
173 2144 207 2198 ab
221 2144 315 2198 amieis
324 2145 439 2198 honesta
450 2149 585 2213 petamus,
604 2147 751 2199 amicorum
771 2136 981 2199 causa'honesta

130 2221 277 2287 faciamus;
293 2238 328 2274 ne
348 2227 536 2290 exspectemus
556 2222 668 2290 quidem
685 2222 751 2274 dum
762 2239 906 2290 rogemur3
923 2226 980 2276 stu-

130 2296 205 2350 dium
218 2315 326 2367 semper
338 2298 418 2365 adsit,
431 2298 569 2351 cunctatio
581 2299 668 2351 absit:
684 2300 824 2352 consilium
837 2316 901 2352 vero
913 2298 980 2353 dare

129 2374 279 2427 audeamus
291 2374 377 2426 libere
389 2395 394 2438 3
408 2374 556 2441 plurimum
569 2375 598 2427 in
610 2375 731 2427 amicitia
747 2377 894 2429 amicorum
910 2375 980 2429 bene

129 2449 302 2502 suadentium
324 2449 413 2501 valeat
432 2450 590 2517 auctoritas,
609 2467 696 2519 eaque
715 2456 745 2505 et
763 2451 928 2505 adhibeatur
944 2451 980 2505 ad

129 2525 293 2579 mouendum
311 2542 365 2578 non
383 2525 464 2579 modo
481 2530 578 2593 aperte
598 2527 647 2579 sed
667 2528 749 2581 etiam
769 2528 877 2595 aeriter,
894 2528 917 2581 si
936 2545 980 2581 res

129 2602 286 2672 postulabit,
301 2606 329 2655 et
341 2601 480 2655 adhibitae
493 2606 630 2670 pareatur.
668 2610 709 2656 45.
727 2604 753 2656 N
755 2622 798 2658 am
807 2604 980 2673 quibusdam,

129 2695 197 2747 quos
210 2679 292 2732 audie
305 2678 443 2746 sapientes
455 2678 564 2732 habitos
576 2679 604 2732 in
614 2681 736 2747 Graecia,
745 2681 877 2748 placuisse
885 2681 980 2748 opinor

129 2755 265 2808 mirabilia
282 2755 431 2823 quaedam:
449 2754 498 2807 sed
517 2755 585 2808 nihil
605 2760 648 2809 est
667 2757 741 2824 quod
757 2756 796 2809 illi
815 2774 869 2809 nou
888 2773 980 2823 perse-

129 2835 249 2898 quantur
278 2831 334 2883 suis
355 2830 484 2897 argutiis:
505 2834 606 2899 partim
628 2832 772 2899 fugiendas
796 2849 856 2884 esse
882 2832 979 2884 nimias

129 2907 263 2959 amicitias
275 2923 309 2958 ne
321 2922 431 2958 neeesse
451 2908 487 2959 sit
498 2924 582 2959 unum
599 2908 743 2959 sollicitum
760 2924 821 2960 esse
833 2923 883 2975 pro
899 2908 979 2974 pluri-

130 2982 197 3034 bus:
217 2982 284 3035 satis
297 2997 433 3049 superque
452 2999 513 3035 esse
525 2999 635 3034 suarum
647 2984 746 3050 cuique
765 2999 863 3048 rerum,
885 2984 981 3036 alienis

130 3059 209 3111 nimis
233 3057 366 3126 implicari
391 3057 535 3111 molestum
551 3074 639 3129 'esse;
660 3057 908 3109 commodissimum
920 3074 980 3111 esse

131 3150 211 3199 quam
235 3133 389 3187 laxissimas
409 3133 530 3186 habenas
554 3132 657 3185 habere
680 3132 822 3197 amicitiae,
844 3148 912 3198 quas
935 3134 979 3186 rel

130 3208 250 3264 adducas
262 3224 346 3279 quum
364 3208 430 3261 velis
449 3208 491 3262 vel
510 3208 654 3270 remitae
671 3210 754 3276 eaput
773 3205 844 3260 enim
865 3221 925 3260 esse
942 3208 978 3264 ad
