2242 3542
26 2 373 133 diiambi-ast
393 34 437 107 qa
451 26 483 115 ‚a
499 19 781 83 aemes

142 162 176 208 90
456 157 506 205 DE
523 154 677 206 ermcns

141 244 261 297 referant
271 242 352 295 obliti
365 243 577 294 commodorum
586 257 707 309 suorum,
718 241 843 310 alterum,
853 236 885 295 ut
894 244 994 298 totum

125 268 242 446 lcorpus
261 324 300 376 rei
318 323 448 392 publicae
466 328 571 390 curent,
590 339 633 389 ne,
649 322 718 374 dum
736 328 844 392 partem
863 324 992 392 aliquam

142 412 263 471 tuentur,
283 405 403 471 reliquas
422 404 558 456 deserant.
598 404 638 455 Ut
656 402 730 454 enim
749 405 846 471 tutela,
865 404 906 457 sic
923 421 990 474 pro-

141 485 249 538 curatio
263 484 303 536 rei
313 484 441 554 publicae
454 484 491 535 ad
504 499 600 536 eorum
613 482 774 550 utilitatem,
786 483 836 551 qui
845 486 988 539 commissi

142 573 213 635 sunt,
229 582 287 618 non
310 566 347 618 ad
369 581 472 633 eorum,
489 564 592 631 quibus
614 564 770 631 commissa,
789 568 913 634 gerenda
933 574 986 622 est

142 648 196 714 Qui
212 652 306 699 autem
321 646 394 716 parti
410 646 513 700 civium
526 646 684 710 consulunt,
698 649 807 713 partem
822 649 986 716 neglegunt,

141 744 199 780 rem
216 725 480 797 perniciosissimam
497 725 526 777 in
546 725 690 778 civitatem
709 725 855 793 inducunt,
871 728 987 781 seditio

140 824 203 860 nem
218 814 302 876 atque
318 806 504 861 discordiam:
522 822 557 858 ex
574 821 631 873 quo
646 806 743 858 evenit
757 813 789 859 ut
804 807 853 859 alii
867 810 981 877 popula·

140 905 191 954 res,
205 889 254 942 alii
268 888 388 941 studiosi
401 887 502 957 optimi
515 887 649 954 cuiusque
663 888 819 957 videantur,
829 888 912 957 pauci
924 890 986 941 uni·

140 987 289 1024 versorum.
327 970 460 1023 adilina
482 969 559 1037 apud
582 968 768 1021 Athenienses
788 985 906 1038 magnae
927 970 986 1022 dis-

140 1050 260 1117 cordiae,
270 1051 299 1102 in
314 1050 409 1103 nostra
422 1049 575 1118 republica
589 1066 645 1101 non
660 1050 750 1101 solum
763 1049 922 1118 seditiones,
933 1051 985 1103 sed

140 1131 223 1183 etiam
235 1130 365 1200 pestifera
375 1131 449 1182 bella
462 1130 572 1183 civilia:
592 1147 664 1199 qnae
677 1129 770 1200 gravis
782 1135 811 1182 et
822 1129 903 1182 t'ortis
912 1130 985 1183 civis

139 1216 168 1263 et
180 1212 210 1262 in
223 1228 251 1263 re
266 1211 380 1280 publica
397 1210 500 1281 dignus
513 1211 674 1281 principatu
686 1210 777 1280 fugiet
792 1217 876 1279 atque
890 1212 984 1284 oderit

139 1291 286 1359 tradetque
299 1308 327 1344 se
341 1296 433 1344 totum
446 1291 486 1344 rei
497 1293 629 1362 publicae
642 1308 732 1360 neque
745 1307 813 1361 opes
825 1297 874 1344 aut
885 1296 983 1361 poten-

139 1372 208 1425 tiam
223 1372 429 1425 consectabitur
443 1377 587 1442 totamque
603 1390 664 1426 eam
680 1374 719 1425 sie
734 1372 864 1439 tuebitur,
878 1378 909 1424 ut
924 1388 984 1424 om-

130 1452 222 1553 ,nibas
239 1455 373 1509 consulat.
412 1456 471 1507 Nec
486 1472 552 1509 vero
570 1454 733 1507 criminibus
748 1453 825 1506 falsis
840 1453 870 1505 in
884 1453 983 1506 odium

130 1554 133 1603 ι
140 1539 188 1586 aut
200 1532 337 1587 iuvidiam
351 1552 520 1603 quemquam
533 1536 655 1603 vocabit,
670 1536 839 1602 omninoque
851 1534 892 1587 ita
904 1534 983 1587 iusti·

129 1606 194 1692 {tiae
213 1614 410 1683 honestatique
430 1617 615 1683 adhaerescet,
634 1622 672 1683 ut,
693 1618 760 1668 duur
778 1632 810 1668 ea
829 1622 981 1681 conservet,

132 1695 268 1761 lquarnvis
283 1697 405 1764 graviter
421 1697 544 1749 offendat
564 1703 737 1765 mortemque
756 1702 872 1766 oppetat
886 1696 983 1765 potius

131 1758 223 1841 iquam
244 1776 352 1828 deserat
370 1777 426 1843 illa,
441 1794 511 1844 quae
530 1777 599 1832 dixi.
638 1781 679 1831 87.
695 1778 849 1830 Miserrima
868 1776 983 1829 omnino

67 1864 69 1869 ’
139 1861 181 1906 est
200 1855 317 1907 ambitio
336 1856 528 1925 honorumque
548 1858 699 1923 contentio,
714 1859 749 1910 de
769 1874 824 1925 qua
841 1859 982 1926 praeclare

139 1936 215 2005 apud
229 1937 357 1989 eumdem
373 1944 414 1991 est
427 1940 583 2005 Platonem,
599 1942 614 1969 ‘·
625 1939 753 1991 similiter·
764 1938 853 1991 faeere
866 1954 921 2003 eos,
932 1938 982 2005 qui

126 2002 212 2071 linter
229 2035 257 2071 se
271 2020 472 2071 contenderent
484 2026 546 2072 uter
558 2020 653 2090 potius
668 2036 726 2071 rem
738 2019 882 2088 publicam
894 2018 982 2072 admi-

129 2098 274 2186 tnistraret,
286 2104 317 2152 ut
331 2100 354 2152 si
368 2107 467 2153 nautae
479 2106 617 2153 certarent
627 2100 690 2167 quis
700 2116 794 2152 corum
803 2100 982 2169 potissimum

128 2181 333 2247 tgubernarct.''
370 2181 505 2247 Idemque
521 2181 666 2250 praecipit,
681 2187 712 2232 ut
726 2183 796 2232 “eos
809 2180 982 2233 adversarios

74 2279 87 2328 ,1
122 2252 336 2336 {existimemus
350 2260 399 2327 qui
415 2276 489 2312 anna
505 2260 714 2327 contraierant,
729 2276 785 2312 non
799 2276 853 2325 eos,
867 2260 915 2328 qui
930 2276 982 2312 suo

123 2339 245 2392 lliudicio
258 2342 330 2393 tueri
344 2356 400 2392 rem
413 2341 554 2408 publicam
568 2341 682 2408 velint,’'
696 2341 788 2409 qualis
800 2341 854 2393 suit
866 2342 938 2393 inter
949 2345 980 2396 P.

140 2419 301 2472 Africanum
316 2426 344 2473 et
358 2420 389 2486 Q.
401 2422 544 2473 Metellum
557 2422 616 2474 sinc
629 2421 780 2474 acerbitate
794 2422 937 2475 dissensio.

175 2503 216 2555 88.
233 2502 293 2553 Nec
307 2518 372 2553 vero
385 2501 528 2569 audiendi,
543 2503 592 2570 qui
606 2503 730 2571 graviter
742 2503 917 2556 irascendum
929 2503 995 2555 ini--

139 2582 218 2634 micis
238 2583 380 2651 putabunt
401 2582 487 2650 idque
508 2584 683 2652 magnanimi
704 2590 732 2637 et
751 2584 832 2636 fortis
851 2584 904 2635 viri
923 2600 982 2636 csse

125 2663 298 2722 ,censebunt
337 2663 416 2715 Nilril
440 2663 513 2715 eninr
535 2664 715 2732 laudabilius,
735 2665 806 2716 nihil
828 2679 930 2733 magno
952 2669 981 2717 et

125 2740 280 2813 {praeclaro
295 2744 355 2797 viro
375 2744 490 2814 dignius
509 2745 703 2814 placabilitate
721 2752 805 2813 atque
824 2744 979 2799 clementia.

127 2804 172 2875 'In
192 2824 286 2875 liberis
300 2842 365 2877 vero
384 2826 497 2894 populis
516 2831 544 2878 et
558 2826 589 2877 in
604 2825 673 2877 iuris
691 2826 889 2893 aequabilitate
904 2842 980 2877 exer·

128 2902 228 2955 'canda
239 2903 322 2955 etiam
333 2910 374 2955 cst
387 2905 506 2956 facilitas
517 2911 544 2957 ct
558 2905 681 2957 alt-itudo
691 2906 776 2956 animi
787 2922 858 2972 quae
869 2906 980 2975 dicitur,

129 2976 181 3058 ine,
193 2983 216 3034 si
228 2984 378 3035 irascamur
391 2990 438 3037 aut
451 2984 650 3053 intempestive
663 2985 861 3037 accedentibus
874 2991 921 3037 aut
930 2986 979 3039 im-

135 3064 277 3130 pudenter
289 3063 459 3132 rogantibus,
474 3065 502 3115 in
519 3066 709 3117 morositatem
722 3064 850 3117 inutilem
863 3072 890 3117 et
902 3066 978 3118 odio

136 3103 198 3194 ham
213 3142 376 3196 incidamus.
414 3146 451 3197 Et
466 3151 559 3198 tamen
576 3146 616 3197 ita
631 3145 777 3204 probanda
795 3152 836 3196 est
854 3162 978 3200 mansue
