2242 3542
119 181 167 229 1m
345 145 347 148 ’
429 177 479 225 nn
496 174 648 226 osricus

119 267 209 332 turpe,
217 265 254 330 et,
263 259 329 330 quia
341 276 449 329 semper
461 265 503 313 est
512 260 662 313 honestum
670 257 761 311 virum
774 257 880 313 bonum
894 275 958 328 esse,

118 360 228 413 semper
240 349 281 395 est
293 342 370 394 utile.

154 425 229 479 XVI.
267 426 309 476 65,
326 423 368 475 Ac
384 424 419 476 de
435 423 495 475 inre
511 422 625 492 quidem
640 420 820 492 praediorum
834 423 960 474 sanctum

119 506 196 575 apud
209 521 260 557 nos
272 511 318 557 est
329 504 389 557 iure
405 504 490 572 civili,
499 509 531 556 ut
542 503 572 555 iu
585 503 621 556 iis
633 501 788 557 vendendis
801 500 871 553 vitia
887 500 961 554 dice·

119 592 221 654 rentur,
231 602 302 653 qnae
313 591 381 638 nota
393 591 483 638 essent
493 584 643 639 venditori.
681 584 763 650 Nam,
772 598 836 635 cum
849 598 883 634 ex
893 582 962 634 duo

119 668 211 720 decim
223 666 329 721 tabulis
344 666 412 719 satis
426 671 498 719 esset
513 682 546 719 es
559 664 702 735 praestari,
717 680 788 733 quae
804 668 896 715 essent
910 662 961 715 lin·

119 765 176 818 gua
187 753 356 818 nuncupata,
366 764 437 816 quae
447 747 495 817 qui
507 746 644 800 infitiatus
657 750 737 813 esset,
748 744 828 814 dupli
842 760 962 813 poenam

119 830 232 897 subiret,
248 846 264 882 a
282 829 351 881 iuris
369 828 504 881 consultis
525 828 609 881 etiam
630 826 792 880 reticentiae
809 842 901 895 poena
920 830 961 877 est

119 911 281 983 constituta.
320 911 471 976 Qumocrn
486 924 563 961 uranu
580 924 667 961 sssur
684 923 716 961 nv
731 922 863 960 rancum
878 920 962 972 vrrn,

120 1007 153 1043 11>
174 996 339 1059 statuerunt,
359 1007 386 1043 s1
404 1003 559 1044 vnnnmoa
582 1006 692 1057 scmus,
710 1004 770 1041 rv1S1
791 1002 963 1041 sommium

120 1087 233 1126 urceum
248 1088 342 1140 resecr,
353 1087 519 1125 salussam
533 1086 700 1125 oronrnnn.
738 1072 780 1123 66.
795 1071 842 1138 Ut,
853 1085 918 1121 cnm
932 1068 963 1121 in

120 1169 183 1206 arce
198 1153 345 1223 angurium
360 1169 480 1222 augures
495 1152 585 1206 acturi
600 1160 690 1205 essent
704 1150 904 1218 iussissentque
919 1151 961 1206 Ti.

121 1234 270 1287 Claudium
284 1235 485 1302 Centumalum,
496 1234 545 1303 qui
557 1235 641 1287 aedes
655 1233 685 1285 in
699 1232 793 1286 Caelio
808 1236 902 1285 monte
915 1232 963 1285 ha-

122 1312 215 1382 bebat,
226 1314 357 1368 demoliri
369 1332 409 1383 ea,
420 1331 539 1384 quorum
550 1314 673 1367 altitudo
686 1312 810 1367 officeret
822 1312 961 1381 auspiciis,

122 1395 257 1448 Claudius
269 1396 433 1466 proscripsit
444 1396 574 1464 insulam,
584 1394 722 1461 vendidit,
731 1394 799 1447 emit
809 1395 839 1447 P.
849 1395 962 1462 Calpur-

122 1476 184 1528 nius
197 1476 340 1530 La-narius.
379 1477 454 1529 Huic
469 1478 505 1530 ab
518 1476 672 1545 auguribus
684 1474 757 1527 illud
768 1475 845 1528 idem
858 1476 962 1529 denun-

124 1556 226 1609 ciatum
247 1562 297 1611 est.
333 1558 434 1627 Itaque
452 1558 620 1627 Calpurnius
639 1572 703 1609 cum
722 1556 874 1609 demolitus
892 1560 962 1609 esset

123 1643 325 1707 cognossetque
353 1638 504 1691 Claudium
534 1637 617 1691 aedes
645 1641 743 1706 postea
769 1636 962 1707 proscripsisse

124 1734 206 1785 quam
222 1725 292 1771 essct
307 1719 342 1771 ab
358 1718 510 1788 auguribus
526 1718 656 1771 demoliri
670 1717 767 1786 iussus,
782 1717 917 1770 arbitrum
931 1717 962 1770 il·

123 1796 180 1851 lurn
198 1799 304 1869 adegit,
317 1814 465 1863 eumcum
483 1814 542 1852 smr
555 1814 638 1852 osan
655 1813 771 1852 sacuam
789 1814 963 1852 oroarnaur

121 1894 160 1931 nx
178 1895 249 1933 rmn
268 1896 355 1935 sorve.
391 1882 429 1935 M.
444 1881 514 1933 Cato
532 1880 699 1933 senteutiam
718 1879 800 1947 dixit,
814 1878 897 1933 huius
916 1896 964 1931 ne-

121 1962 171 2014 stri
181 1961 296 2015 Catonis
305 1966 392 2032 pater.
429 1963 469 2016 Ut
480 1962 557 2014 enim
569 1961 655 2014 ceteri
667 1978 702 2014 ex
713 1960 849 2031 patribus,
858 1960 898 2013 sic
908 1960 962 2027 hic,

122 2042 172 2109 qui
191 2043 264 2097 illud
282 2044 376 2096 lumen
397 2042 556 2113 progenuit,
575 2060 609 2095 cx
628 2042 686 2095 filio
709 2048 750 2095 est
769 2040 963 2095 nominandus

121 2123 149 2176 Is
167 2124 255 2193 igitur
272 2125 360 2178 iudex
379 2125 419 2177 ita
434 2124 639 2194 pronunciavit,
654 2126 742 2175 “eum
761 2122 792 2175 in
810 2122 965 2176 vendundo

122 2220 180 2256 rem
200 2221 261 2258 eam
281 2206 378 2259 scisset
396 2212 424 2259 et
442 2223 499 2258 non
517 2204 735 2275 pronunciasset,
750 2204 870 2273 emptori
887 2204 965 2257 darn-

122 2300 190 2337 num
207 2287 344 2355 praestari
363 2288 516 2356 oportere.''
553 2289 596 2340 67.
615 2288 691 2355 Ergo
710 2286 748 2337 ad
761 2285 848 2337 fidem
863 2285 965 2337 bonam

122 2365 222 2417 statuit
231 2368 370 2435 pertinere
385 2371 483 2419 notum
496 2383 554 2419 esse
568 2366 687 2435 emptori
698 2366 808 2433 vitium,
818 2366 895 2434 quod
905 2383 966 2419 nos·

122 2451 164 2497 set
178 2447 318 2499 venditor.
357 2449 440 2514 Quod
456 2448 480 2500 si
498 2453 572 2501 recte
587 2447 735 2516 iudicavit,
748 2463 805 2499 non
821 2453 895 2500 recte
910 2447 965 2499 fru-

122 2527 273 2579 mentarius
285 2528 341 2595 illc,
351 2544 407 2579 non
420 2535 495 2581 recte
507 2528 620 2581 aedium
631 2528 824 2597 pestilentium
834 2528 966 2580 venditor

122 2607 218 2661 tacuit.
257 2608 313 2661 Sed
328 2608 411 2661 huius
429 2608 509 2661 modi
522 2608 685 2661 reticentiae
700 2610 759 2661 iure
777 2608 854 2662 civili
869 2624 965 2661 omnes

122 2689 324 2756 comprehendi
342 2707 398 2742 uon
412 2695 546 2758 possunt:
566 2706 638 2759 quae
657 2695 750 2743 autern
769 2694 887 2759 possunt
903 2688 986 2742 dili-'

121 2775 220 2835 genter
238 2775 373 2824 tenentur.
411 2772 449 2823 M.
462 2771 567 2823 Marius
586 2770 774 2836 Gratidianus,
791 2770 966 2840 propinquus

121 2854 224 2915 noster,
235 2851 264 2902 C.
276 2851 373 2919 Sergio
387 2852 488 2904 Oratae
501 2850 669 2903 vendiderat
684 2851 767 2903 aedes
782 2867 834 2917 eas,
846 2867 915 2919 quas
930 2850 966 2903 ab

121 2928 221 2979 eodem
240 2929 300 2998 ipsc
315 2930 412 2999 paucis
431 2936 496 2983 ante
516 2931 597 2983 annis
616 2936 727 2983 emerat.
764 2932 821 2983 Eae
842 2930 964 3001 [Sergio]

121 3007 287 3076 serviebant,
301 3010 349 3061 sed
366 3011 420 3062 lroc
438 3010 467 3061 in
488 3010 628 3081 mancipio
647 3010 750 3062 Marius
769 3027 827 3063 non
845 3011 965 3065 dixerat.

121 3084 256 3139 Adducta
275 3106 318 3142 res
337 3090 368 3142 in
386 3090 523 3142 iudicium
543 3096 591 3143 est.
630 3091 743 3142 Oratam
761 3093 882 3158 Crassus,
898 3092 966 3144 Gra-

121 3161 262 3219 tidianum
284 3168 453 3223 defendebat
472 3170 621 3224 Antonius.
659 3169 706 3222 Ius
728 3170 841 3225 Crassus
866 3186 965 3240 urgue-
