2242 3542
31 11 616 106 κωὼμωωνωωΐῆηἰψ
705 9 713 36 ¹
794 37 801 54 .

279 167 346 216 LIB.
364 165 397 225 Ι.,
412 164 490 215 CAP.
508 163 678 222 xus-xv„
693 159 809 220 §tu-tt.
936 159 968 208 tt

127 249 211 304 nitriis
221 251 256 302 ad
265 250 371 304 alienos
383 267 440 304 non
451 248 537 304 debet
546 249 669 303 liberalis
676 248 775 304 videri.
804 246 884 300 Nihil
895 246 985 350 enimp

128 339 169 383 est
185 331 299 384 liberale
318 333 395 399 quod
414 348 471 384 non
489 331 566 384 idem
583 331 696 384 iustum.
732 330 775 383 44.
793 330 874 381 Alter
891 330 969 382 locus

128 417 187 464 erat
200 412 337 464 cautionis
352 429 387 464 ne
399 412 560 481 benignitas
572 411 661 463 maior
675 417 745 463 esset
758 426 843 478 quom
855 409 969 462 faculta-

129 502 178 558 tes,
188 493 265 559 quod
278 492 326 559 qui
338 492 514 562 benigniores
527 493 627 545 volunt
639 508 696 544 esse
709 508 794 559 quarn
806 507 849 543 res
861 491 968 560 patitur

128 572 250 641 primum
269 573 298 624 in
318 589 349 625 eo
369 578 493 642 peccant,
507 572 584 640 quod
601 571 729 624 iniuriosi
747 571 858 624 suntin
876 571 967 640 proxi·

127 668 196 706 mos.
234 653 309 718 Quas
323 653 398 706 enirn
413 653 508 722 eopia-s
523 653 557 705 iis
570 658 599 705 et
610 653 787 723 suppeditari
800 651 916 718 aequius
928 659 969 704 est

127 739 157 785 et
169 733 297 801 relinqui,
311 749 356 786 aas
369 733 538 785 transierunt
550 733 588 785 ad
599 733 713 786 alienos.
746 735 822 784 Inest
834 737 927 783 autem
939 731 968 783 in

128 813 179 865 tali
192 813 360 866 liberalitate
375 814 517 883 cupiditas
529 814 694 882 plerumque
708 812 838 882 rapiendi
853 817 882 863 et
894 810 969 864 aufe·

128 894 209 945 rendi
218 911 268 963 per
278 894 416 962 iniuriam,
426 903 457 946 ut
467 895 504 946 ad
513 893 690 962 largiendum
702 898 853 962 suppetant
862 892 968 961 copiae.

128 973 232 1027 Videre
247 974 333 1026 etiam
348 974 415 1026 licet
429 975 576 1042 plerosque
589 991 645 1024 non
658 979 716 1026 tam
731 980 830 1025 natura
842 972 970 1024 liberales

128 1070 212 1122 quam
226 1055 348 1122 quadam
364 1054 454 1122 gloria
467 1055 577 1121 ductos,
589 1060 622 1106 ut
634 1053 750 1106 benefici
763 1053 918 1120 videantur,
931 1052 969 1106 fa·
1006 1048 1021 1087 4

128 1150 189 1187 cere
200 1136 288 1187 multa
301 1151 373 1203 quae
386 1135 523 1204 proficisci
535 1135 571 1187 ab
583 1135 770 1187 ostentatione
782 1132 873 1202 magis
885 1148 969 1200 quarn

128 1233 145 1268 a
159 1216 304 1268 voluntate
317 1216 472 1270 videantur.
501 1216 578 1268 Talis
590 1222 684 1268 autem
696 1213 838 1267 simulatio
851 1213 968 1267 vanitati

127 1300 169 1350 est
190 1297 366 1349 coniunctior
390 1313 475 1364 quam
496 1302 544 1348 aut
565 1295 728 1348 liberalitati
750 1301 798 1347 aut
819 1294 967 1348 honestati.

127 1377 170 1430 45.
186 1377 313 1429 Tertium
332 1383 374 1429 ost
390 1377 573 1447 propositum,
587 1382 619 1428 ut
635 1377 664 1427 in
679 1374 861 1428 beneficentia
879 1374 969 1426 delec-

127 1463 173 1510 tus
188 1465 259 1510 esset
275 1457 438 1527 dignitatis:
458 1457 488 1509 in
503 1474 560 1525 quo
576 1464 604 1508 et
618 1472 708 1509 mores
723 1456 782 1508 eius
797 1460 879 1507 eruut
894 1471 969 1524 spee-

126 1539 217 1607 tuudi,
231 1539 260 1590 in
277 1555 360 1606 quem
374 1538 540 1591 beneficium
556 1536 719 1603 conferetur,
733 1541 762 1588 et
776 1536 885 1588 animus
902 1551 970 1604 erga

127 1635 178 1673 nos
191 1624 219 1670 et
230 1619 413 1672 communitas
426 1635 458 1671 oe
471 1618 588 1672 societas
597 1618 672 1671 vitae
687 1624 715 1670 et
727 1617 764 1670 ad
774 1622 882 1669 nostras
894 1617 969 1668 utili-

128 1706 200 1752 tates
216 1699 308 1752 officia
318 1706 391 1757 ,ante
410 1702 527 1753 collata:
547 1716 620 1767 quae
638 1704 671 1752 ut
685 1704 852 1751 concurrant
867 1696 968 1767 omnia,

128 1781 252 1849 optabile
268 1785 325 1834 est:
344 1781 368 1832 si
383 1781 482 1847 minus,
496 1782 589 1849 plures
603 1796 702 1833 causae
717 1779 888 1846 maioresque
901 1795 969 1847 pon-

127 1861 201 1913 deris
214 1863 277 1930 plus
286 1862 438 1916 habebunt.
470 1863 532 1915 XV.
552 1863 596 1915 46,
611 1861 749 1927 Quoniam
762 1868 853 1913 autem
864 1860 969 1913 vivitur
982 1855 1001 1935 ’ἲ

128 1958 184 1995 non
203 1958 266 1994 cum
287 1941 417 2011 perfectis
442 1941 605 1994 hominibus
626 1943 766 2011 planeque
787 1941 968 2010 sapientibus,

127 2022 178 2074 sed
194 2037 258 2073 eum
273 2022 315 2088 iis,
326 2022 357 2073 in
373 2022 475 2089 quibus
494 2022 632 2090 praeclare
651 2021 752 2090 agitur,
765 2021 789 2073 si
807 2028 872 2073 sunt
887 2021 969 2073 simu·

129 2102 204 2153 laura
213 2099 332 2166 virtutis,
343 2098 427 2151 etiam
440 2099 494 2152 hoe
506 2100 729 2168 intellegendum
742 2105 820 2170 puto,
831 2099 970 2154 nerninem

128 2179 243 2234 omnino
262 2195 321 2232 esse
338 2180 546 2249 neglegendum
564 2181 594 2231 in
613 2197 671 2247 quo
689 2180 784 2247 aliqua
801 2180 969 2250 significatio

128 2261 242 2315 virtutis
261 2270 402 2330 appareat,
418 2263 568 2315 colendum
586 2269 679 2314 autem
698 2262 813 2315 esae'ita
831 2279 969 2331 quemque

128 2342 258 2405 maxime,
272 2350 304 2395 ut
320 2343 437 2411 quisque
452 2344 573 2396 maxime
588 2343 740 2396 virtutibus
759 2343 803 2395 his
818 2344 970 2398 lenioribus

128 2424 182 2476 erit
200 2429 323 2487 ornatus,
339 2424 486 2489 modestia,
499 2424 691 2493 temperantia,
704 2425 757 2476 hae
777 2425 845 2494 ipsa,
859 2425 894 2477 de
913 2442 970 2493 qua

127 2506 217 2558 multa
231 2505 287 2557 iarn
304 2505 380 2558 dicta
395 2511 468 2573 sunt,
482 2506 597 2559 iustitia.
635 2507 708 2558 Nam
723 2505 803 2559 fortis
818 2506 927 2559 animus
942 2513 970 2559 et
1048 2545 1057 2559 .

128 2601 246 2655 maignus
258 2587 287 2638 in
298 2587 411 2638 homine
424 2603 480 2639 non
491 2587 616 2656 perfecto
626 2603 677 2638 nee
689 2587 810 2656 sapienti
819 2587 970 2640 ferventior

128 2668 291 2737 plerumque
302 2673 351 2734 est,
361 2668 427 2720 illae
437 2667 555 2721 virtutes
565 2669 670 2720 bonurn
679 2668 769 2720 virum
779 2668 912 2720 videntur
921 2684 966 2737 po
978 2661 994 2739 ,¹

128 2747 185 2799 tius
203 2747 349 2817 attingere.
387 2748 483 2816 Atque
501 2749 571 2800 haec
589 2748 619 2800 in
638 2748 770 2801 moribus.
807 2748 850 2802 tr.
866 2750 908 2801 De
926 2751 969 2801 be-

128 2828 286 2880 nevolentia
303 2834 404 2895 autem,
416 2844 499 2896 quarn
515 2832 634 2896 quisque
651 2829 753 2881 habeat
766 2845 832 2897 erga
846 2845 905 2895 nos,
916 2829 970 2897 pri-

129 2922 206 2959 mum
220 2907 292 2959 illud
308 2913 350 2961 est
364 2909 394 2959 in
410 2908 510 2970 officio,
524 2914 557 2960 ut
570 2909 596 2960 ei
611 2909 763 2978 plurimum
778 2909 940 2974 tribuamus,
954 2925 970 2960 a

129 3003 185 3056 quo
198 2988 349 3055 plurimum
363 2989 523 3058 diligamur,
535 2990 584 3042 sed
598 2989 821 3042 benevolentiam
834 3005 890 3041 non
904 2990 986 3047 ado-a

129 3067 342 3120 lementulorum
354 3085 428 3121 more
441 3071 539 3122 ardore
550 3070 674 3137 quodam
687 3070 797 3137 amoris,
806 3069 854 3121 sed
865 3069 969 3120 stabili·
984 3116 987 3128 ,

130 3155 186 3201 tate
198 3147 292 3269 potips
304 3155 332 3200 et
343 3149 500 3201 constantia
513 3149 677 3201 iudicemus.
707 3150 755 3201 Sin
769 3154 850 3199 erunt
862 3147 969 3206 merita.
