2242 3542
318 185 388 234 tin.
407 186 468 246 111„
483 186 565 235 aar.
582 187 709 246 x-xn„
728 186 742 245 s
758 154 847 236 le-tr.
959 191 1005 237 rat

158 270 495 339 eedaemoniornrn‘opes
516 286 627 324 neeesse
649 276 727 325 esset.
765 271 848 335 Quod
867 270 1007 323 Aristides

159 369 226 404 enm
238 352 370 418 audisset,
379 352 410 403 in
423 352 583 405 contionem
596 370 698 422 magna
711 352 920 422 exspectatione
929 352 1006 406 venit

160 433 291 501 dixitque
302 432 421 501 perutile
434 449 492 486 esse
503 433 651 485 eonsilium
662 434 739 500 quod
748 433 949 485 Themistocles
959 434 1006 485 ad·

159 515 251 584 ferret,
258 514 309 567 sed
318 514 433 566 minime
445 515 601 567 honestum.
621 515 720 581 Itaque
728 514 920 581 Athenienses,
928 514 1004 582 quod

160 599 309 651 honestum
322 614 379 649 non
393 603 474 662 esset,
482 596 513 648 id
526 612 561 647 ne
575 595 643 647 utile
656 595 771 663 quidem
783 600 952 664 putaverunt
965 602 1007 646 to-

160 685 274 747 tamque
290 696 352 732 eam
368 694 435 744 rem,
445 693 530 744 quam
545 692 580 727 ne
598 675 745 727 audierant
761 674 883 743 quidem,
894 680 1006 727 auctore

161 760 286 813 Aristide
297 760 522 829 repudiaverunt.
559 756 660 833 Melius
670 756 700 807 hi
711 757 794 824 'quam
807 770 865 821 nos,
876 756 924 823 qui
934 756 1006 825 pira-

160 849 204 895 tas
216 843 360 911 immunes,
371 842 461 895 socios
473 837 626 907 vectigales
640 838 781 890 habemus.
816 838 879 890 XII.
893 838 1006 889 Maneat

159 935 236 993 ergo,
245 925 323 991 quod
332 931 411 993 turpe
420 924 463 990 sit,
471 922 502 973 id
512 936 664 989 numquam
675 918 745 971 utile
755 934 820 987 esse,
830 935 864 970 ne
875 924 935 970 tum
946 919 1004 986 qui-

158 1006 305 1071 demeum
313 1006 352 1073 id,
360 1006 501 1073 quodesse
509 1004 674 1071 utileputes
684 1000 846 1069 adipiscare.
860 1002 923 1053 Hoe
932 1001 1004 1053 enirn

159 1086 261 1153 ipsum,
271 1086 340 1138 utile
353 1092 451 1154 putare
464 1086 543 1153 quod
555 1089 636 1152 turpe
649 1081 693 1146 sit,
703 1080 895 1134 calamitosum
908 1086 957 1135 est.

197 1169 239 1219 50.
260 1166 316 1218 Sed
330 1166 469 1233 incidunt,
483 1171 516 1218 ut
534 1182 618 1233 supra
637 1161 706 1230 dixi,
720 1177 802 1231 saepe
822 1178 1006 1229 cananaeum

161 1261 318 1315 ”epagnare
336 1247 444 1299 utilitas
465 1246 608 1299 honestati
628 1244 765 1308 videatur,
781 1248 813 1293 ut
832 1242 1005 1295 animadver-

93 1324 97 1329 ’
162 1328 279 1380 tendum
291 1327 328 1380 sit
341 1334 513 1397 repugnetne
527 1329 610 1395 plane
627 1343 663 1378 an
678 1328 767 1394 possit
783 1340 845 1375 eum
861 1324 1006 1377 honestate

159 1408 303 1477 coniungi.
340 1409 409 1460 Eius
427 1408 537 1477 generis
551 1408 604 1459 hae
623 1414 688 1459 sunt
704 1407 895 1475 quaestiones:
916 1406 945 1459 Si
961 1423 1007 1458 ex-

160 1488 248 1557 empli
263 1488 355 1557 gratia
370 1488 413 1540 vir
429 1490 518 1539 bonus
533 1486 705 1539 Alexandria
721 1487 854 1538 Rhodum
873 1501 1007 1554 magnum

162 1569 295 1621 iiumenti
310 1584 456 1621 numerum
471 1567 618 1620 advexerit
632 1568 662 1619 in
675 1566 851 1619 Rhodiorum
867 1566 964 1635 inopia
979 1572 1007 1619 et

162 1648 234 1702 fame
250 1666 412 1717 summaque
430 1666 556 1701 annonae
573 1648 697 1715 caritate,
709 1649 734 1701 si
753 1648 829 1702 idem
848 1647 919 1701 sciat
934 1664 1007 1700 oom-

162 1732 256 1799 plures
269 1737 434 1783 mercatores
443 1730 617 1782 Alexandria
629 1730 743 1783 solvisse
753 1746 893 1801 navesque
907 1730 935 1780 in
947 1746 1007 1781 eur-

160 1828 195 1863 su
209 1810 348 1864 frnmento
366 1820 480 1863 onustas
498 1816 624 1879 petentes
641 1812 774 1864 Rhodum
791 1812 902 1876 viderit,
916 1812 1006 1863 dietu-

161 1908 244 1944 rusne
262 1893 299 1944 sit
314 1893 345 1943 id
360 1892 481 1943 Rhodiis
500 1908 535 1943 arr
555 1892 666 1943 silentio
686 1908 765 1943 suum
782 1907 864 1959 quam
884 1893 1006 1961 plurimo

163 1972 348 2024 venditurus?
387 1971 547 2039 Sapientem
573 1977 601 2022 et
624 1972 728 2023 bonum
747 1972 838 2023 virum
858 1973 1005 2041 tingimus:

162 2051 200 2103 de
218 2051 277 2103 eins
292 2051 493 2104 deliberatione
511 2055 540 2102 ot
556 2051 761 2103 consultatione
777 2052 942 2118 quaerimuS,
957 2053 1006 2119 qui

163 2133 302 2183 celaturus
324 2131 453 2183 Rhodios
475 2146 531 2181 non
554 2130 598 2196 sit,
620 2130 643 2181 si
665 2130 697 2182 id
720 2138 800 2199 turpe
823 2132 937 2198 iudicet,
957 2133 1006 2185 sed

162 2213 278 2265 dubitet
296 2230 331 2265 an
348 2218 429 2280 turpe
449 2227 505 2263 non
524 2210 569 2264 sit.
607 2213 648 2264 51.
669 2211 802 2263 Iahnius
821 2212 898 2265 modi
917 2214 1007 2266 causis

162 2294 242 2346 aliud
257 2294 380 2363 Diogeni
393 2292 549 2359 Babylonio
564 2291 655 2344 videri
674 2293 752 2358 solet,
767 2309 869 2361 magno
884 2298 912 2345 et
927 2295 1005 2363 gravi

163 2375 267 2442 Stoico,
287 2375 366 2426 aliud
387 2373 545 2441 Antipatr0,
566 2371 705 2441 discipulo
728 2372 794 2439 eius,
814 2373 922 2425 homini
943 2390 1004 2427 aeu-

163 2456 279 2509 tissimo.
317 2454 469 2523 Antipatro
483 2452 601 2505 “omnia
619 2453 821 2522 patefacienda,
835 2459 867 2506 ut
885 2456 1005 2524 nequid

163 2536 285 2603 omnino,
295 2536 373 2603 quod
382 2534 513 2587 venditor
524 2533 607 2602 norit,
617 2540 725 2602 emptor
737 2533 873 2603 ignoret‚”
882 2536 1006 2605 Diogeni

164 2622 179 2645 ‘⁸
190 2617 372 2683 venditorem,
384 2622 522 2684 quatenus
536 2614 595 2667 iure
612 2614 689 2667 cirili
705 2616 888 2667 constitutum
906 2616 950 2684 sit,
964 2616 1005 2669 di-

164 2713 224 2750 eere
239 2698 308 2751 vitia
327 2703 462 2765 oportere,
476 2701 566 2748 cetera
582 2695 640 2747 sine
658 2695 770 2747 insidiis
790 2712 870 2765 agere
888 2702 925 2762 et,
938 2712 1005 2763 quo-

164 2779 239 2830 niam
254 2779 367 2844 vendat,
381 2778 454 2829 velle
469 2793 553 2844 quam
571 2776 677 2845 optime
692 2776 819 2829 vendere.
855 2776 1004 2845 Advexi,

164 2858 325 2926 exposui,
358 2858 472 2911 vendo
508 2873 617 2908 meum
654 2873 722 2908 non
757 2856 874 2926 pluris
906 2873 1006 2925 quam

164 2939 460 3007 eeteri‚f01·tasse
485 2937 593 2990 etiam
618 2936 775 3003 minoris,
796 2954 871 2989 oum
895 2938 1007 2991 maior

164 3025 217 3072 est
239 3021 350 3090 copia.
388 3019 452 3072 Cui
472 3017 523 3070 fit
546 3016 704 3070 iniuriat
740 3020 782 3071 52.
802 3016 935 3069 Exoritur
948 3018 1007 3072 An·

165 3100 262 3171 tipatri
285 3101 357 3154 ratio
381 3117 416 3152 ex
440 3100 528 3152 altera
548 3104 643 3166 parte:
670 3098 773 3162 “Quid
794 3098 857 3150 aisl
882 3104 921 3167 tu,
941 3114 1008 3158 cum

165 3182 326 3235 horninibus
347 3182 490 3233 consulere
511 3180 614 3233 debeas
636 3185 663 3231 et
684 3178 784 3230 servire
804 3179 942 3232 lrurnanae
962 3194 1008 3239 so·

289 3259 318 3303 14
464 3272 467 3279 ·
