2242 3542
239 2 487 54 swam„
518 2 632 39 wasa·
671 2 833 57 ruror-

315 113 405 161 ΟΑΤΟ
422 112 553 161 MAJOR.
590 112 665 161 GAP.
685 112 735 159 VI.
757 112 818 160 VII.
978 113 991 163 7

148 194 201 247 siut
218 193 338 261 gerenda
352 191 506 261 praescribo
525 195 553 245 et
572 191 721 260 quomodo:
742 191 906 263 Karthagini
922 190 993 246 male

146 268 202 336 jam
216 270 265 321 diu
279 269 409 339 cogitanti
428 266 528 323 bellum
545 268 632 321 multo
646 272 711 321 autc
729 269 868 337 denuntio,
886 270 922 322 de
940 273 993 337 qua

147 346 234 399 vereri
251 362 305 399 non
323 349 387 399 ante
402 345 523 397 desinam
538 361 620 413 quam
634 344 708 397 illam
723 347 842 402 excisam
860 362 920 401 esse
934 361 994 413 eog-

148 439 254 477 novero.
286 428 324 477 19.
345 422 431 487 Quam
444 420 562 489 palmam
575 421 679 473 utinam
693 421 738 474 Dii
751 418 925 487 immortales,
940 422 995 475 Sei-

149 498 201 568 pio,
215 498 267 551 tibi
281 500 429 564 reservent,
444 501 475 550 ut
493 497 536 550 avi
551 496 681 565 reliquias
695 514 868 567 persequare,
887 498 996 567 eujusa
1027 504 1032 521 ¹

149 578 237 627 morte
255 574 353 627 tertius
371 573 415 626 hio
430 576 459 625 ct
475 573 629 627 tricesimus
644 589 731 625 annus
747 579 804 627 est:
827 576 878 629 sed
895 590 995 629 merno-

148 650 217 703 riam
226 650 298 703 illius
307 650 358 702 viri
368 666 462 703 omnes
471 649 608 716 excipient
616 650 679 700 anni
689 655 893 717 consequentes.
915 653 996 703 Anno

150 731 212 780 ante
225 743 268 779 me
280 742 419 779 censorem
432 729 556 778 mortuus
568 729 619 789 est,
631 740 727 777 novem
742 728 819 780 anuis
831 732 893 795 post
905 742 995 779 meum

150 801 325 869 consulatum,
346 818 430 870 quum
454 800 546 854 consul
570 802 672 853 iterum
696 819 739 854 me
758 803 868 856 consule
888 806 997 855 creatus

150 886 229 933 esset.
266 879 290 930 N
294 895 339 931 um
358 878 449 945 igitur,
468 876 491 928 si
508 876 544 929 ad
562 877 740 930 centesimum
758 895 857 931 aunum
877 879 996 942 vixisset,

151 956 298 1007 senectutis
314 970 375 1007 cum
391 968 455 1005 suae
470 953 641 1021 poenitereti
677 954 701 1005 N
705 970 736 1007 ec
753 955 823 1017 enim
838 954 996 1007 excursione

151 1046 202 1084 nec
220 1031 292 1083 saltu
307 1046 357 1083 nec
371 1030 477 1083 eminus
491 1028 578 1081 hastis
593 1035 641 1082 aut
656 1030 778 1083 cominus
793 1031 892 1099 gladiis
907 1033 997 1083 utere-

127 1142 128 1146 =
153 1111 204 1172 tur,
217 1107 266 1169 sed
278 1106 395 1170 consilio,
408 1106 521 1171 ratione,
535 1107 677 1160 sententia
715 1107 790 1171 Quae
802 1108 853 1160 nisi
866 1110 958 1160 esseut
970 1106 997 1158 in
1014 1106 1035 1154 b

152 1183 268 1249 senibus,
284 1199 337 1235 non
355 1198 489 1235 summum
508 1182 650 1235 eonsilium
668 1183 785 1251 majores
800 1184 889 1235 nostri
907 1180 996 1249 appel-

152 1259 252 1313 lassent
269 1259 406 1312 Senatum.
443 1264 484 1311 20.
508 1258 592 1325 Apud
607 1258 835 1312 Lacedaemonios
852 1258 962 1325 quidem
979 1258 998 1309 ii
1029 1183 1041 1370 l

154 1335 199 1403 qui
212 1335 407 1403 amplissimum
419 1334 611 1401 magistratum
622 1338 729 1402 gerunt,
738 1339 771 1387 ut
782 1339 854 1400 sunt,
867 1334 906 1387 sic
915 1334 997 1386 etiam
1067 1303 1083 1375 l

152 1412 324 1464 nominantur
343 1426 428 1465 senes.
467 1410 545 1474 Quod
565 1411 589 1462 si
608 1410 699 1477 legere
720 1415 768 1464 aut
787 1410 883 1463 audire
902 1409 1000 1461 voletis

153 1491 273 1553 externa,
291 1488 423 1540 maximas
441 1486 625 1554 respublicas
643 1486 678 1539 ab
694 1486 911 1540 adolescentibus
928 1484 999 1539 labe·
1028 1375 1044 1590 l

152 1563 245 1629 laetas,
258 1580 274 1615 a
286 1563 395 1616 senibus
408 1566 575 1615 sustentatas
588 1567 617 1617 et
629 1564 773 1617 restitutas
784 1563 935 1630 reperietis.
972 1631 975 1636 ἱ

172 1640 244 1700 (ledo,
260 1644 304 1703 qui
316 1646 423 1688 vestram
436 1656 487 1687 rem
499 1640 624 1701 publicam
635 1646 732 1688 tantam
744 1641 860 1687 amisistis
872 1645 924 1687 tam
936 1640 999 1687 cito?

154 1712 198 1765 Sic
210 1712 281 1765 eninr
294 1715 496 1779 percontantur,
511 1715 543 1763 ut
555 1712 638 1765 estin
651 1711 747 1765 Naevii
760 1710 845 1765 Ludo.
878 1707 1000 1777 Respon-

132 1794 134 1799 '
154 1788 254 1841 dentur
265 1791 294 1841 et
306 1787 359 1840 alia
370 1790 399 1840 ot
411 1786 500 1840 hocin
513 1786 622 1855 primis:

246 1865 430 1912 Proveniebant
443 1869 554 1919 oratores
563 1865 629 1923 novi,
643 1865 714 1912 stulti
725 1865 907 1913 adolescentuli.

153 1942 306 1995 'l'cmeritas
324 1945 367 1995 est
385 1941 513 1995 uidelicet
530 1942 654 1995 florentis
672 1944 779 2006 aetatis,
798 1942 945 2011 prudentia
962 1958 1001 1993 sc-
1022 1924 1034 2014 pl

67 2041 72 2049 ·
147 2014 296 2071 ’noscentis

207 2094 274 2147 Vll.
306 2100 346 2147 21.
380 2095 418 2145 nt
436 2093 568 2146 memoria
585 2093 724 2145 minuitur.
761 2093 858 2160 Credo,
874 2093 925 2145 nisi
942 2109 1001 2145 eam

79 2213 82 2219 .
156 2185 282 2221 exerceas
292 2171 339 2220 aut
352 2168 375 2219 si
388 2168 424 2219 sis
433 2170 531 2221 natura
540 2168 652 2221 tardior.
679 2168 873 2221 Themistocles
882 2169 1002 2221 omnimn

155 2244 253 2298 civium
272 2248 432 2311 perceperat
451 2244 565 2296 nomina.
603 2244 675 2295 Num
695 2244 778 2311 igitur
797 2245 913 2297 censetis
932 2260 1002 2308 errru,

99 2386 102 2392 .
155 2336 239 2387 quum
257 2325 348 2371 aetate
367 2319 550 2386 processisset,
570 2320 616 2387 qui
635 2320 774 2373 Aristides
793 2326 866 2373 esset
885 2320 1002 2387 Lysima-

154 2396 233 2450 chum
253 2396 372 2449 salutare
390 2396 516 2449 solitum?
552 2396 686 2463 Equidem
705 2412 759 2449 non
778 2396 858 2448 modo
877 2413 923 2449 ecs
941 2397 1001 2448 novi

155 2472 201 2541 qui
214 2477 284 2538 sunt,
298 2472 346 2525 sed
359 2489 452 2525 corum
465 2476 558 2541 patros
572 2473 654 2524 etiam
667 2477 696 2526 ct
708 2490 778 2526 avos.
808 2472 832 2523 N
836 2489 866 2525 ec
879 2472 1003 2540 sepulcra

153 2548 247 2615 legens
266 2565 368 2612 vereor,
388 2548 461 2615 quod
479 2550 562 2615 aiunt,
582 2566 616 2602 nc
633 2548 792 2601 memoriam
811 2548 924 2617 perdam
934 2569 940 2611 ;
962 2547 1004 2599 his

154 2624 225 2677 cuim
250 2625 316 2691 ipsis
340 2624 463 2691 legendis
487 2626 514 2676 iu
535 2626 693 2679 memoriam
718 2626 802 2680 redeo
826 2627 1001 2677 mortuorum.

156 2700 213 2753 Neo
233 2717 296 2753 vero
316 2717 479 2768 quemquam
502 2717 595 2755 senem
622 2702 711 2754 audivi
734 2702 849 2755 oblitum
872 2717 926 2768 quo
946 2699 1004 2751 loeo

152 2776 310 2829 thesaurum
324 2776 466 2829 oburisset.
504 2776 603 2830 Omnia
615 2794 685 2845 quae
697 2781 794 2830 curant
806 2778 1002 2840 meminerunt;

154 2851 308 2905 vadimonia
327 2852 490 2917 constituta3
515 2854 561 2920 qui
584 2853 643 2917 sibi,
662 2854 705 2906 cui
726 2853 778 2921 ipsi
799 2853 925 2905 debeant.
963 2856 1001 2908 29.
1086 2919 1088 2922 Ι

154 2926 228 2990 Quid
241 2927 436 2994 jurisconsulti,
455 2928 521 2996 quid
539 2929 689 2997 pontifices,
708 2929 776 2996 quid
794 2944 917 2994 augures,
937 2926 1004 2993 quid

152 3001 307 3072 philosophi
331 3020 416 3071 senes,
437 3019 518 3070 quam
543 3004 630 3057 multa
654 3005 850 3056 meminerunt!
889 3002 1002 3053 Manent

154 3078 262 3147 ingenia
274 3078 391 3146 senibus,
404 3079 485 3132 modo
499 3083 659 3147 permaneat
674 3078 795 3132 studium
812 3084 841 3129 et
854 3076 1002 3136 iudustria;

154 3170 205 3209 neo
222 3170 256 3209 ca
273 3155 362 3208 solum
383 3156 410 3207 iu
430 3156 509 3208 elaris
529 3158 557 3207 et
576 3155 717 3207 honoratis
736 3153 808 3216 viris,
830 3150 880 3203 sed
899 3151 928 3202 iu
947 3150 1004 3201 vite
