2242 3542
135 127 165 172 30
363 119 400 168 M.
418 120 545 169 TULLII
564 122 754 170 CICERONIS

135 206 194 254 tum
203 203 298 254 nostra
307 199 491 252 familiaritate
501 201 560 252 visa
570 205 619 254 est
649 200 992 269 Itaquefecinoninvitus

135 279 167 330 ut
183 277 341 345 prodessem
356 275 449 328 multis
466 280 564 343 rogatu
582 281 636 332 tuo.
673 284 697 330 4.
718 278 774 331 Sed
791 280 823 331 ut
838 278 866 330 in
883 277 992 331 Catone

135 352 247 420 Majora
270 353 316 422 qui
336 356 378 406 est
398 352 515 420 scriptus
535 353 571 405 ad
589 354 666 407 tede
685 357 835 420 senectute,
856 353 990 408 Catonem

134 430 229 482 induri
244 445 337 482 senem
353 429 547 496 disputantem,
567 431 632 499 quia
645 431 719 484 nulla
735 430 882 483 videbatur
897 431 992 498 aptior

133 523 249 576 persona
263 522 332 575 quac
351 505 386 558 de
404 504 451 556 illa
470 509 561 558 aetate
577 507 744 574 loqueretur,
762 523 844 575 quam
863 505 990 575 ejusqui

134 588 163 636 et
175 583 328 636 diutissime
343 599 426 634 senex
442 582 539 635 fuisset
556 586 585 635 ct
599 583 627 634 in
644 583 703 652 ipsa
719 586 861 636 senectute
875 587 989 650 praeter

133 665 239 714 ceteros
258 658 409 722 floruisset3
435 657 480 726 sic,
500 676 585 728 quum
605 660 802 728 accepissemus
823 676 840 712 a
860 659 988 728 patribus

133 736 250 789 maxime
271 734 472 788 memorabilem
495 735 523 787 C.
537 735 623 789 Laelii
643 740 672 789 et
696 737 723 791 P.
738 737 870 804 Scipionis
889 736 990 788 famili-

133 815 259 867 aritatem
271 814 361 880 fuisse,
376 812 472 866 idonea
483 812 550 864 mihi
565 813 650 866 Laelii
664 830 781 882 persona
790 813 848 866 visa
859 817 903 864 est
916 830 990 880 quae

133 890 168 942 dc
184 890 303 944 amicitia
318 907 350 942 ca
364 891 423 958 ipsa
437 890 585 942 dissereret
598 906 668 958 quae
685 889 826 956 disputata
838 888 873 941 ab
886 905 918 941 eo
930 906 989 943 me-

133 965 255 1018 minisset
274 965 409 1019 Scaevoia.
448 965 540 1018 Genus
559 972 651 1018 autem
671 965 722 1025 boc
741 981 895 1018 sermonum
917 966 990 1044 posi5

132 1045 191 1093 tum
209 1042 237 1094 in
256 1041 395 1094 hominum
415 1045 538 1094 veterum
562 1042 726 1094 auctoritate
748 1045 891 1094 eteorum
912 1040 988 1093 illus-

132 1117 215 1168 trium
230 1117 291 1184 plus
311 1119 468 1185 nescioquo
486 1120 567 1184 pacto
582 1118 692 1170 videtur
710 1117 814 1170 habere
831 1117 985 1184 gravitatis.

133 1192 232 1259 Itaque
245 1192 303 1260 ipse
316 1209 377 1245 mea
388 1193 481 1259 legens
494 1193 532 1245 sic
544 1193 645 1246 afficior
656 1193 797 1246 interdum
810 1198 842 1245 ut
852 1192 986 1246 Catonem

131 1284 184 1319 non
209 1284 252 1320 me
274 1268 347 1336 loqui
369 1269 530 1322 existimem
567 1276 590 1322 5.
618 1269 673 1323 Sed
696 1273 728 1322 ut
749 1273 808 1322 tum
832 1268 868 1321 ad
889 1285 984 1323 senem

131 1359 215 1396 senex
227 1343 262 1397 dc
274 1348 420 1407 senectute,
434 1344 472 1397 sic
483 1345 534 1398 hoc
546 1345 616 1398 libro
625 1346 661 1398 ad
673 1346 789 1398 amioum
803 1345 985 1398 amicissimus

130 1422 165 1474 de
189 1421 305 1474 amicitia
332 1421 434 1487 scripsi.
471 1421 538 1473 Tum
562 1425 606 1474 est
627 1421 694 1475 Cato
719 1421 825 1474 locutus
846 1437 900 1489 quo
922 1428 985 1475 erat

130 1512 208 1548 nemo
232 1499 289 1549 fere
314 1498 403 1550 senior
424 1498 595 1565 temporibus
619 1498 680 1563 illis,
701 1515 780 1550 nemo
806 1496 983 1564 prudentior:

130 1588 200 1624 nunc
215 1572 322 1625 Laelius
338 1577 366 1626 et
383 1575 498 1642 sapiens,
515 1573 553 1627 sio
567 1575 639 1626 enim
657 1577 699 1626 est
715 1573 834 1638 habitus,
847 1575 876 1624 ot
892 1573 985 1626 amiei-

130 1647 184 1699 tiae
205 1648 290 1716 gloria
312 1649 446 1702 excellens
468 1649 503 1702 de
525 1649 644 1702 amicitia
665 1649 793 1716 loquitur.
837 1647 878 1700 Tu
900 1647 983 1702 veiim

129 1723 248 1776 animum
266 1741 282 1776 a
300 1742 344 1777 me
362 1742 509 1793 parumper
527 1731 642 1791 avertas,
656 1724 779 1777 Laelium
797 1724 871 1790 loqui
890 1723 982 1791 ipsum

129 1803 216 1866 putes.
253 1800 281 1854 O.
304 1801 421 1853 Fannius
442 1807 469 1854 et
491 1801 521 1865 Q.
541 1802 647 1854 Mucius
666 1800 703 1853 ad
723 1817 846 1853 socerum
866 1799 981 1854 veniunt

129 1880 190 1943 post
209 1882 324 1929 mortem
340 1877 476 1932 Africani:
496 1878 530 1931 ab
549 1878 591 1929 his
610 1894 699 1930 sermo
718 1876 813 1942 oritur,
831 1875 983 1942 respondet

131 1951 246 2019 Laelius,
270 1953 348 2020 cnjus
372 1957 431 2006 tota
453 1954 602 2022 disputatio
625 1956 668 2006 est
693 1952 729 2005 dc
752 1951 878 2019 amicitia,
897 1968 983 2020 quain

129 2026 221 2094 legens
238 2029 270 2081 tu
294 2033 322 2082 te
342 2030 429 2098 ipsum
444 2047 595 2097 cognosces.

184 2104 220 2158 II.
257 2111 281 2159 6.
301 2107 433 2160 Fannius.
472 2107 542 2159 Sunt
557 2106 616 2169 ista,
632 2105 715 2171 Laeli,
730 2122 779 2157 noc
793 2104 865 2156 enim
884 2104 982 2158 melior

130 2180 170 2232 vir
181 2181 234 2235 fuit
247 2183 377 2236 Africano
390 2184 533 2251 quisquam
549 2199 599 2235 neo
611 2181 714 2234 clarior.
752 2181 806 2233 Sed
821 2180 981 2235 existimare

130 2256 213 2310 debes
229 2261 348 2311 omnium
366 2258 456 2310 oeulos
474 2259 631 2310 nunciate
649 2274 710 2310 csse
727 2256 877 2323 conjectos;
895 2273 980 2309 unum

130 2335 158 2384 te
173 2334 322 2399 sapientem
342 2337 371 2384 et
391 2332 528 2400 appeliant
547 2339 576 2386 et
594 2333 758 2386 existimant.
796 2331 981 2385 Tribuebatur

129 2407 179 2459 hoc
199 2408 279 2460 modo
299 2410 336 2462 M.
355 2407 466 2471 Catoni;
491 2409 590 2461 scimus
610 2409 639 2461 L.
656 2407 772 2461 Atilium
792 2408 865 2475 apud
884 2413 980 2475 patres

27 2502 29 2507 ·
129 2486 236 2535 nostros
260 2484 426 2552 appeliatum
447 2501 506 2538 csso
531 2486 695 2552 sapientem:
719 2484 768 2537 sed
790 2489 907 2552 uterque
925 2483 980 2538 alio

129 2559 247 2628 quodam
262 2560 356 2624 modo;
376 2561 479 2613 Atilius
494 2562 558 2630 qnia
573 2561 693 2629 prudens
708 2578 769 2613 esse
784 2560 812 2612 in
827 2559 891 2626 jure
905 2559 980 2616 civili

129 2634 291 2704 putabatur3
310 2636 377 2689 Cato
392 2637 456 2705 quia
469 2639 615 2690 muitarum
628 2644 720 2690 rerum
732 2653 810 2689 usum
824 2635 979 2688 habebat-

129 2710 216 2763 multa
228 2711 287 2778 ejus
300 2717 328 2766 et
340 2713 367 2764 in
381 2713 482 2767 Senatu
496 2717 524 2766 ot
536 2714 564 2765 in
577 2717 635 2766 foro
648 2713 691 2765 vel
707 2714 815 2781 provisa
827 2711 980 2781 prudenter

130 2786 241 2840 relecta
252 2792 408 2842 constanter
421 2790 461 2842 vel
475 2806 604 2859 responsa
614 2774 693 2842 acdto
705 2789 978 2855 ferebantur-prop-

130 2867 205 2917 terea
220 2864 295 2932 quasi
309 2881 457 2932 cognomen
469 2866 526 2933 jam
540 2865 703 2918 habebatur
718 2868 859 2918 senectute
874 2863 979 2931 sapien-

130 2942 172 2994 tis.
209 2941 246 2993 Te
258 2945 349 2994 autem
366 2941 417 2994 alio'
433 2942 549 3010 quodam
567 2941 655 3007 modo,
669 2959 722 2994 non
735 2941 821 2993 solum
833 2943 932 2992 natura
947 2943 979 2992 et

130 3017 257 3082 moribus,
269 3034 363 3070 rerum
376 3017 458 3070 etiam
471 3017 561 3070 studio
571 3020 600 3069 et
610 3017 734 3068 doctrina
746 3033 805 3068 esse
818 3015 977 3084 sapientem,

49 3153 53 3164 .
131 3106 180 3143 noc
192 3094 261 3146 sicut
270 3094 366 3160 vulgus
376 3092 425 3144 sed
434 3097 465 3144 ut
472 3091 575 3144 eruditi
585 3092 673 3143 solent
680 3090 818 3158 appellare
826 3091 979 3158 sapientem

131 3166 238 3232 qualem
250 3169 277 3223 iu
286 3168 391 3237 reliqua
400 3167 514 3222 Graecia
526 3168 720 3221 neminem-7.
734 3182 796 3218 nam
809 3166 979 3234 quiseptem
