2242 3542
251 165 322 215 ΠΒ.
338 165 386 226 Π.,
402 164 480 215 chr.
498 166 721 227 xxm-xxv,
737 165 750 225 ξ
766 168 853 215 82-88.
933 169 979 217 147

135 253 186 317 ret,
196 265 319 319 peceare,
329 249 415 301 etiam
427 248 451 300 si
464 265 547 302 causa
559 266 615 301 non
630 254 707 303 asset.
746 252 788 303 85.
804 250 849 302 Ab
862 250 916 301 hoc
928 249 980 319 igi-

135 334 184 382 tur
205 346 306 399 genere
327 329 492 399 largitionis,
508 335 540 381 ut
559 330 621 382 aliis
644 331 734 397 detur,
750 330 812 383 aliis
833 330 979 399 auferatur,

136 412 253 463 aberunt
268 411 297 478 ii,
308 414 357 478 qui
376 426 433 462 rem
448 410 591 479 publicam
606 411 768 478 tuebuntur,
780 411 811 463 in
827 411 980 481 primisque
1027 414 1029 418 '
1109 422 1110 435 ¹

137 507 250 560 operam
263 490 373 543 dabunt
387 496 420 543 ut
434 490 503 543 iuris
518 496 547 543 et
561 491 731 543 iudiciorum
746 492 886 560 aequitate
900 508 981 546 suum

137 571 256 640 quisque
268 576 362 624 teneat
372 577 400 623 et
409 586 501 638 nequo
514 572 654 625 tenuiores
666 577 781 641 propter
792 572 981 625 humilitatem

137 651 389 704 circumveniantur
398 667 488 720 neque
498 652 687 721 locupletibus
699 652 735 704 ad
746 668 796 705 sua
805 654 850 706 vel
860 654 981 705 tenenda

136 734 182 785 vel
192 724 383 802 recuperanda
392 732 467 785 obsit
479 732 596 800 invidia,
605 737 748 802 praeterea
758 733 980 802 quibuscumque

137 814 219 866 rebus
232 815 277 866 val
296 813 365 866 belli
379 815 425 867 vel
445 813 524 866 domi
544 818 676 881 poterunt
696 829 754 866 rem
773 814 914 883 publicam
934 831 980 867 au-

137 899 223 964 geant
245 895 371 964 imperio,
387 894 470 964 agris,
483 894 678 963 vectigalibus.
716 896 793 947 Haec
815 912 980 964 magnorum

137 974 282 1027 hominum
302 980 376 1040 sunt,
394 976 463 1026 haec
482 976 559 1043 apud
580 974 697 1027 maiores
716 981 827 1027 nostros
843 974 979 1044 factitata,

136 1056 206 1109 haec
220 1072 323 1125 genera
337 1054 492 1107 officiorum
508 1054 557 1121 qui
573 1060 776 1123 persequuntur
793 1071 857 1107 cum
872 1072 980 1110 summa

136 1136 260 1190 utilitate
272 1136 312 1188 rei
324 1135 455 1204 publicae
467 1151 598 1204 magnam
610 1135 667 1205 ipsi
676 1136 870 1205 adipiscentur
881 1143 909 1189 et
918 1153 980 1206 gra-

135 1217 206 1270 tiam
218 1222 247 1269 et
258 1216 385 1286 gloriam.
990 1269 992 1273 .

173 1300 214 1352 86.
233 1298 267 1349 In
280 1296 430 1349 bisantem
439 1296 595 1349 utilitatum
604 1297 760 1365 praeceptis
768 1297 918 1366 Antipater
927 1299 980 1365 Ty-

137 1377 201 1442 rius,
212 1377 330 1444 Stoicus,
341 1377 391 1444 qui
400 1376 521 1429 Athenis
531 1392 621 1445 nuper
634 1381 674 1429 est
687 1382 820 1443 mortuus
832 1378 889 1429 duo
901 1393 979 1446 prae-

135 1458 220 1510 terita
232 1463 325 1511 censet
338 1473 397 1511 esse
405 1474 423 1509 a
434 1458 578 1524 Panaetio,
587 1456 756 1510 valetudinis
769 1458 940 1511 curationem
951 1462 979 1510 at

135 1538 279 1608 pecuniae,
288 1554 358 1605 quas
370 1554 413 1590 res
425 1554 442 1590 a
454 1553 563 1590 summo
579 1537 749 1606 philosopho
762 1538 926 1607 praeteritas
939 1555 979 1590 ar-

135 1618 232 1687 bitror,
243 1619 321 1685 quod
334 1623 425 1672 essent
437 1617 548 1671 faciles:
569 1623 634 1671 sunt
646 1625 720 1671 certe
734 1620 826 1671 utiles.
865 1620 920 1671 Sed
932 1636 978 1671 va-

135 1702 233 1754 letudo
246 1706 418 1754 sustentatur
430 1700 533 1753 notitia
548 1700 592 1752 sui
607 1700 732 1769 corporis
745 1705 773 1753 et
786 1700 978 1755 observatione

137 1798 207 1849 quae
219 1798 263 1834 res
274 1788 322 1834 aut
333 1782 465 1851 prodesse
475 1783 584 1833 soleant
594 1785 642 1833 aut
654 1781 751 1833 obesse
764 1785 792 1833 et
805 1781 979 1850 continentia

135 1862 166 1913 in
178 1862 255 1915 rictu
269 1863 347 1915 omni
360 1868 444 1930 atque
458 1864 537 1914 cultu
552 1862 676 1929 corporis
691 1860 792 1913 tuendi
806 1878 888 1914 causa
900 1878 978 1930 prae-

135 1944 324 1996 termittendis
338 1942 540 2011 voluptatibus,
557 1946 695 2010 postremo
714 1946 772 1993 arte
792 1956 895 2006 eorum,
912 1957 978 2009 quo-

135 2040 198 2075 rum
212 2025 250 2077 ad
268 2023 414 2076 scientiam
429 2024 498 2074 baec
516 2022 665 2091 pertinent.
704 2022 746 2074 87.
762 2022 818 2073 Res
833 2026 924 2072 autem
940 2020 978 2073 fa-

135 2104 251 2157 miliaris
264 2103 360 2172 quaeri
373 2104 458 2156 debet
471 2102 506 2156 iis
521 2102 612 2168 rebus,
627 2100 758 2168 aquibus
771 2100 849 2153 abest
859 2099 978 2169 turpitu-

137 2186 183 2252 do,
196 2184 353 2238 conservari
366 2189 460 2237 autem
474 2181 624 2252 diligentia
639 2186 667 2234 et
678 2181 859 2249 parcimonia,
872 2180 978 2233 eisdem

135 2267 220 2319 etiam
231 2268 313 2320 rebus
323 2266 427 2335 augeri.
460 2267 519 2317 Has
531 2280 574 2317 res
584 2262 808 2316 commodissime
819 2264 977 2332 Xenophon

136 2347 295 2400 Socraticus
309 2353 471 2416 persecutus
486 2350 528 2397 est
543 2345 572 2396 in
588 2361 620 2396 eo
636 2344 717 2409 libra,
729 2344 778 2410 qui
792 2347 806 2371 ‘⁴
815 2344 977 2397 Oeconomi-

135 2429 207 2478 cus”
222 2426 392 2493 inscribitur,
404 2442 488 2495 quam
503 2441 561 2490 nos,
576 2424 630 2477 ista
648 2423 705 2476 fere
724 2428 815 2477 aetate
830 2441 893 2478 cum
908 2442 977 2477 essc-

135 2523 196 2559 mus
206 2524 261 2575 qua
274 2524 303 2560 es
315 2512 347 2559 tu
360 2506 585 2573 nunc‚e(}1·aeco
597 2505 627 2556 in
637 2505 769 2557 Latinum
782 2506 975 2561 convertimus,

170 2589 258 2642 XXV.
297 2590 339 2641 88.
361 2587 416 2639 Sed
426 2586 581 2638 utilitatum
594 2585 774 2654 comparatio
785 2586 917 2654 quoniam
930 2586 977 2639 hic

134 2667 212 2720 locus
227 2673 286 2732 erat
299 2672 449 2736 quartum
463 2665 598 2718 Panaetio
614 2666 829 2733 praetermissus,
841 2682 921 2736 saepe
936 2672 977 2719 est

134 2748 294 2801 necessaria.
331 2749 406 2801 Nam
421 2752 450 2798 et
465 2745 590 2815 corporis
608 2746 756 2798 commoda
775 2762 838 2798 cum
854 2748 976 2799 externis

135 2816 163 2879 et
182 2832 296 2880 externa
314 2844 377 2879 cum
396 2828 521 2896 corporis
539 2831 569 2879 et
587 2826 648 2895 ipsa
666 2827 741 2878 inter
759 2843 786 2878 se
806 2827 930 2895 corporis
948 2833 976 2880 et

134 2914 249 2959 externa
262 2924 326 2960 cum
338 2908 460 2961 externis
472 2907 628 2975 comparari
637 2908 735 2960 solent.
769 2910 839 2959 Cum
853 2908 976 2959 externis

133 2988 260 3057 corporis
271 2989 326 3040 hoc
337 2991 423 3041 modo
436 2991 641 3056 comparantur,
652 2988 743 3040 valera
757 2993 788 3040 ut
800 2988 881 3039 malis
891 3003 975 3054 quam

134 3069 215 3121 dives
228 3085 294 3136 esse,
304 3085 367 3121 cum
383 3069 506 3138 corporis
521 3072 635 3121 externa
652 3069 704 3119 hoc
720 3068 813 3134 modo,
824 3067 904 3119 dives
917 3084 974 3119 esso

131 3148 229 3221 potius
247 3165 331 3219 quam
353 3149 482 3203 maximis
505 3148 629 3217 corporis
647 3147 760 3215 viribus,
776 3146 837 3217 ipsa
854 3146 928 3203 inter
946 3163 974 3203 sa
