<?xml version="1.0" encoding="UTF-8"?>
<!DOCTYPE html PUBLIC "-//W3C//DTD XHTML 1.0 Transitional//EN"
    "http://www.w3.org/TR/xhtml1/DTD/xhtml1-transitional.dtd">
<html xmlns="http://www.w3.org/1999/xhtml" xml:lang="en" lang="en">
 <head>
  <title>
</title>
<meta http-equiv="Content-Type" content="text/html;charset=utf-8" />
  <meta name='ocr-system' content='tesseract 3.04.00' />
  <meta name='ocr-capabilities' content='ocr_page ocr_carea ocr_par ocr_line ocrx_word'/>
</head>
<body>
  <div class='ocr_page' id='page_1' title='image "./catomajorsivede01longgoog_0042.png"; bbox 0 0 2242 3542; ppageno 0'>
   <div class='ocr_carea' id='block_1_1' title="bbox 159 147 1014 3036">
    <p class='ocr_par' dir='ltr' id='par_1_1' title="bbox 159 147 1014 3036">
     <span class='ocr_line' id='line_1_1' title="bbox 416 147 1011 201; baseline -0.003 -5"><span class='ocrx_word' id='word_1_1' title='bbox 416 148 580 197; x_wconf 74' lang='lat' dir='ltr'>nauales.</span> <span class='ocrx_word' id='word_1_2' title='bbox 616 147 761 196; x_wconf 83' lang='lat' dir='ltr'>cAP.1v.</span> <span class='ocrx_word' id='word_1_3' title='bbox 979 154 1011 201; x_wconf 54' lang='lat'>¹33</span> 
     </span>
     <span class='ocr_line' id='line_1_2' title="bbox 162 226 1012 298; baseline 0.001 -15"><span class='ocrx_word' id='word_1_4' title='bbox 162 228 249 297; x_wconf 87' lang='lat' dir='ltr'>ceptis</span> <span class='ocrx_word' id='word_1_5' title='bbox 269 228 324 282; x_wconf 90' lang='lat' dir='ltr'>suis</span> <span class='ocrx_word' id='word_1_6' title='bbox 343 228 518 293; x_wconf 82' lang='lat' dir='ltr'>erudierunt3</span> <span class='ocrx_word' id='word_1_7' title='bbox 540 228 585 281; x_wconf 84' lang='lat' dir='ltr'>vel</span> <span class='ocrx_word' id='word_1_8' title='bbox 604 226 664 296; x_wconf 86' lang='lat' dir='ltr'>ejus</span> <span class='ocrx_word' id='word_1_9' title='bbox 683 228 739 297; x_wconf 89' lang='lat' dir='ltr'>qui·</span> <span class='ocrx_word' id='word_1_10' title='bbox 751 228 886 298; x_wconf 74' lang='lat' dir='ltr'>Apollinis</span> <span class='ocrx_word' id='word_1_11' title='bbox 905 232 1012 284; x_wconf 83' lang='lat' dir='ltr'>oraculo</span> 
     </span>
     <span class='ocr_line' id='line_1_3' title="bbox 162 304 1012 374; baseline 0.001 -16"><span class='ocrx_word' id='word_1_12' title='bbox 162 306 378 374; x_wconf 81' lang='lat' dir='ltr'>sapientissimus</span> <span class='ocrx_word' id='word_1_13' title='bbox 391 311 434 357; x_wconf 88' lang='lat' dir='ltr'>cst</span> <span class='ocrx_word' id='word_1_14' title='bbox 443 304 592 371; x_wconf 86' lang='lat' dir='ltr'>judicatus,</span> <span class='ocrx_word' id='word_1_15' title='bbox 602 306 650 373; x_wconf 90' lang='lat' dir='ltr'>qui</span> <span class='ocrx_word' id='word_1_16' title='bbox 663 321 715 357; x_wconf 91' lang='lat' dir='ltr'>non</span> <span class='ocrx_word' id='word_1_17' title='bbox 728 309 787 357; x_wconf 89' lang='lat' dir='ltr'>tum</span> <span class='ocrx_word' id='word_1_18' title='bbox 799 306 925 373; x_wconf 72' lang='lat' dir='ltr'>boatum</span> <span class='ocrx_word' id='word_1_19' title='bbox 936 307 1012 368; x_wconf 83' lang='lat' dir='ltr'>illud,</span> 
     </span>
     <span class='ocr_line' id='line_1_4' title="bbox 163 380 1012 450; baseline 0 -15"><span class='ocrx_word' id='word_1_20' title='bbox 163 387 194 436; x_wconf 89' lang='lat' dir='ltr'>ut</span> <span class='ocrx_word' id='word_1_21' title='bbox 220 383 248 434; x_wconf 93' lang='lat' dir='ltr'>in</span> <span class='ocrx_word' id='word_1_22' title='bbox 267 382 411 450; x_wconf 85' lang='lat' dir='ltr'>plerisque,</span> <span class='ocrx_word' id='word_1_23' title='bbox 432 381 481 434; x_wconf 90' lang='lat' dir='ltr'>sed</span> <span class='ocrx_word' id='word_1_24' title='bbox 505 380 579 433; x_wconf 88' lang='lat' dir='ltr'>idem</span> <span class='ocrx_word' id='word_1_25' title='bbox 601 398 716 449; x_wconf 90' lang='lat' dir='ltr'>semper,</span> <span class='ocrx_word' id='word_1_26' title='bbox 736 381 851 435; x_wconf 87' lang='lat' dir='ltr'>Animos</span> <span class='ocrx_word' id='word_1_27' title='bbox 874 382 1012 435; x_wconf 89' lang='lat' dir='ltr'>hominum</span> 
     </span>
     <span class='ocr_line' id='line_1_5' title="bbox 163 457 1013 525; baseline -0.001 -13"><span class='ocrx_word' id='word_1_28' title='bbox 163 476 223 512; x_wconf 89' lang='lat' dir='ltr'>esse</span> <span class='ocrx_word' id='word_1_29' title='bbox 242 458 354 523; x_wconf 84' lang='lat' dir='ltr'>divinos,</span> <span class='ocrx_word' id='word_1_30' title='bbox 372 458 458 525; x_wconf 88' lang='lat' dir='ltr'>iisque</span> <span class='ocrx_word' id='word_1_31' title='bbox 475 474 559 524; x_wconf 91' lang='lat' dir='ltr'>quum</span> <span class='ocrx_word' id='word_1_32' title='bbox 577 474 593 509; x_wconf 94' lang='lat' dir='ltr'>c</span> <span class='ocrx_word' id='word_1_33' title='bbox 609 474 722 524; x_wconf 88' lang='lat' dir='ltr'>corpore</span> <span class='ocrx_word' id='word_1_34' title='bbox 741 457 924 511; x_wconf 76' lang='lat' dir='ltr'>excessissent</span> <span class='ocrx_word' id='word_1_35' title='bbox 943 459 1013 511; x_wconf 87' lang='lat' dir='ltr'>redi·</span> 
     </span>
     <span class='ocr_line' id='line_1_6' title="bbox 162 533 1014 602; baseline 0 -15"><span class='ocrx_word' id='word_1_36' title='bbox 162 540 222 588; x_wconf 89' lang='lat' dir='ltr'>tum</span> <span class='ocrx_word' id='word_1_37' title='bbox 240 536 267 587; x_wconf 89' lang='lat' dir='ltr'>in</span> <span class='ocrx_word' id='word_1_38' title='bbox 285 535 389 589; x_wconf 90' lang='lat' dir='ltr'>coelum</span> <span class='ocrx_word' id='word_1_39' title='bbox 407 541 511 602; x_wconf 85' lang='lat' dir='ltr'>patere,</span> <span class='ocrx_word' id='word_1_40' title='bbox 526 534 683 601; x_wconf 90' lang='lat' dir='ltr'>optimoque</span> <span class='ocrx_word' id='word_1_41' title='bbox 702 538 730 586; x_wconf 92' lang='lat' dir='ltr'>et</span> <span class='ocrx_word' id='word_1_42' title='bbox 744 533 897 600; x_wconf 90' lang='lat' dir='ltr'>justissimo</span> <span class='ocrx_word' id='word_1_43' title='bbox 916 534 1014 601; x_wconf 89' lang='lat' dir='ltr'>cuique</span> 
     </span>
     <span class='ocr_line' id='line_1_7' title="bbox 163 608 1012 680; baseline -0.004 -15"><span class='ocrx_word' id='word_1_44' title='bbox 163 612 405 680; x_wconf 86' lang='lat' dir='ltr'>expeditissimum.</span> <span class='ocrx_word' id='word_1_45' title='bbox 445 616 482 663; x_wconf 85' lang='lat'>14.</span> <span class='ocrx_word' id='word_1_46' title='bbox 502 609 582 673; x_wconf 79' lang='lat' dir='ltr'>Quod</span> <span class='ocrx_word' id='word_1_47' title='bbox 589 609 663 662; x_wconf 90' lang='lat' dir='ltr'>idem</span> <span class='ocrx_word' id='word_1_48' title='bbox 676 609 794 677; x_wconf 85' lang='lat' dir='ltr'>Scipioni</span> <span class='ocrx_word' id='word_1_49' title='bbox 808 608 954 661; x_wconf 87' lang='lat' dir='ltr'>videbatur</span> <span class='ocrx_word' id='word_1_50' title='bbox 966 610 1012 677; x_wconf 93' lang='lat' dir='ltr'>qui</span> 
     </span>
     <span class='ocr_line' id='line_1_8' title="bbox 163 686 1014 756; baseline -0.002 -15"><span class='ocrx_word' id='word_1_51' title='bbox 163 688 282 756; x_wconf 76' lang='lat' dir='ltr'>quidem,</span> <span class='ocrx_word' id='word_1_52' title='bbox 290 690 367 756; x_wconf 87' lang='lat' dir='ltr'>quasi</span> <span class='ocrx_word' id='word_1_53' title='bbox 380 688 555 756; x_wconf 76' lang='lat' dir='ltr'>praesagiret,</span> <span class='ocrx_word' id='word_1_54' title='bbox 567 687 711 755; x_wconf 81' lang='lat' dir='ltr'>perpaucis</span> <span class='ocrx_word' id='word_1_55' title='bbox 720 690 784 738; x_wconf 89' lang='lat' dir='ltr'>ante</span> <span class='ocrx_word' id='word_1_56' title='bbox 792 689 908 739; x_wconf 85' lang='lat' dir='ltr'>mortem</span> <span class='ocrx_word' id='word_1_57' title='bbox 917 686 1014 739; x_wconf 89' lang='lat' dir='ltr'>diebus</span> 
     </span>
     <span class='ocr_line' id='line_1_9' title="bbox 164 762 1013 832; baseline -0.002 -15"><span class='ocrx_word' id='word_1_58' title='bbox 164 782 246 832; x_wconf 89' lang='lat' dir='ltr'>quum</span> <span class='ocrx_word' id='word_1_59' title='bbox 256 770 285 818; x_wconf 91' lang='lat' dir='ltr'>et</span> <span class='ocrx_word' id='word_1_60' title='bbox 296 764 389 817; x_wconf 90' lang='lat' dir='ltr'>Philus</span> <span class='ocrx_word' id='word_1_61' title='bbox 402 768 430 816; x_wconf 91' lang='lat' dir='ltr'>et</span> <span class='ocrx_word' id='word_1_62' title='bbox 443 762 570 815; x_wconf 81' lang='lat' dir='ltr'>Manilius</span> <span class='ocrx_word' id='word_1_63' title='bbox 582 762 710 816; x_wconf 80' lang='lat' dir='ltr'>adessent</span> <span class='ocrx_word' id='word_1_64' title='bbox 719 765 749 815; x_wconf 91' lang='lat' dir='ltr'>et</span> <span class='ocrx_word' id='word_1_65' title='bbox 761 762 807 815; x_wconf 90' lang='lat' dir='ltr'>alii</span> <span class='ocrx_word' id='word_1_66' title='bbox 818 762 918 830; x_wconf 87' lang='lat' dir='ltr'>plures,</span> <span class='ocrx_word' id='word_1_67' title='bbox 927 766 1013 830; x_wconf 89' lang='lat' dir='ltr'>tuque</span> 
     </span>
     <span class='ocr_line' id='line_1_10' title="bbox 163 838 1014 904; baseline -0.002 -11"><span class='ocrx_word' id='word_1_68' title='bbox 163 842 252 903; x_wconf 84' lang='lat' dir='ltr'>etiam,</span> <span class='ocrx_word' id='word_1_69' title='bbox 272 840 405 903; x_wconf 87' lang='lat' dir='ltr'>Scaevola,</span> <span class='ocrx_word' id='word_1_70' title='bbox 426 855 529 891; x_wconf 90' lang='lat' dir='ltr'>mecum</span> <span class='ocrx_word' id='word_1_71' title='bbox 544 839 672 904; x_wconf 81' lang='lat' dir='ltr'>venisses,</span> <span class='ocrx_word' id='word_1_72' title='bbox 690 838 813 891; x_wconf 90' lang='lat' dir='ltr'>triduum</span> <span class='ocrx_word' id='word_1_73' title='bbox 832 838 961 891; x_wconf 76' lang='lat' dir='ltr'>disseruit</span> <span class='ocrx_word' id='word_1_74' title='bbox 979 838 1014 891; x_wconf 90' lang='lat' dir='ltr'>dc</span> 
     </span>
     <span class='ocr_line' id='line_1_11' title="bbox 164 913 1013 984; baseline -0.002 -15"><span class='ocrx_word' id='word_1_75' title='bbox 164 934 193 969; x_wconf 87' lang='lat' dir='ltr'>re</span> <span class='ocrx_word' id='word_1_76' title='bbox 211 916 333 984; x_wconf 82' lang='lat' dir='ltr'>publica3</span> <span class='ocrx_word' id='word_1_77' title='bbox 354 913 431 983; x_wconf 86' lang='lat' dir='ltr'>eujus</span> <span class='ocrx_word' id='word_1_78' title='bbox 449 914 642 983; x_wconf 83' lang='lat' dir='ltr'>disputationis</span> <span class='ocrx_word' id='word_1_79' title='bbox 659 914 714 967; x_wconf 90' lang='lat' dir='ltr'>fuit</span> <span class='ocrx_word' id='word_1_80' title='bbox 731 918 885 967; x_wconf 79' lang='lat' dir='ltr'>extremum</span> <span class='ocrx_word' id='word_1_81' title='bbox 903 914 959 967; x_wconf 84' lang='lat' dir='ltr'>iere</span> <span class='ocrx_word' id='word_1_82' title='bbox 978 916 1013 967; x_wconf 90' lang='lat' dir='ltr'>dc</span> 
     </span>
     <span class='ocr_line' id='line_1_12' title="bbox 164 990 1013 1058; baseline 0 -15"><span class='ocrx_word' id='word_1_83' title='bbox 164 992 369 1045; x_wconf 81' lang='lat' dir='ltr'>immortalitate</span> <span class='ocrx_word' id='word_1_84' title='bbox 381 991 538 1057; x_wconf 88' lang='lat' dir='ltr'>animorum,</span> <span class='ocrx_word' id='word_1_85' title='bbox 548 1006 619 1058; x_wconf 88' lang='lat' dir='ltr'>quae</span> <span class='ocrx_word' id='word_1_86' title='bbox 631 1006 661 1043; x_wconf 90' lang='lat' dir='ltr'>se</span> <span class='ocrx_word' id='word_1_87' title='bbox 672 990 701 1042; x_wconf 92' lang='lat' dir='ltr'>in</span> <span class='ocrx_word' id='word_1_88' title='bbox 714 991 805 1057; x_wconf 90' lang='lat' dir='ltr'>quieto</span> <span class='ocrx_word' id='word_1_89' title='bbox 817 1007 867 1058; x_wconf 85' lang='lat' dir='ltr'>por</span> <span class='ocrx_word' id='word_1_90' title='bbox 879 990 966 1042; x_wconf 87' lang='lat' dir='ltr'>visum</span> <span class='ocrx_word' id='word_1_91' title='bbox 979 1007 1013 1043; x_wconf 86' lang='lat' dir='ltr'>ex</span> 
     </span>
     <span class='ocr_line' id='line_1_13' title="bbox 167 1065 1014 1134; baseline -0.001 -13"><span class='ocrx_word' id='word_1_92' title='bbox 167 1068 295 1121; x_wconf 84' lang='lat' dir='ltr'>Africano</span> <span class='ocrx_word' id='word_1_93' title='bbox 308 1067 416 1119; x_wconf 87' lang='lat' dir='ltr'>audisse</span> <span class='ocrx_word' id='word_1_94' title='bbox 429 1065 545 1119; x_wconf 88' lang='lat' dir='ltr'>dicebat.</span> <span class='ocrx_word' id='word_1_95' title='bbox 583 1065 619 1118; x_wconf 91' lang='lat' dir='ltr'>Id</span> <span class='ocrx_word' id='word_1_96' title='bbox 631 1066 654 1118; x_wconf 91' lang='lat' dir='ltr'>si</span> <span class='ocrx_word' id='word_1_97' title='bbox 667 1066 708 1118; x_wconf 91' lang='lat' dir='ltr'>ita</span> <span class='ocrx_word' id='word_1_98' title='bbox 719 1070 762 1119; x_wconf 90' lang='lat' dir='ltr'>est</span> <span class='ocrx_word' id='word_1_99' title='bbox 773 1070 805 1118; x_wconf 91' lang='lat' dir='ltr'>ut</span> <span class='ocrx_word' id='word_1_100' title='bbox 817 1066 914 1134; x_wconf 90' lang='lat' dir='ltr'>optimi</span> <span class='ocrx_word' id='word_1_101' title='bbox 927 1065 1014 1133; x_wconf 77' lang='lat' dir='ltr'>cujus</span> 
     </span>
     <span class='ocr_line' id='line_1_14' title="bbox 164 1141 1014 1212; baseline -0.002 -14"><span class='ocrx_word' id='word_1_102' title='bbox 164 1162 218 1212; x_wconf 88' lang='lat' dir='ltr'>quc</span> <span class='ocrx_word' id='word_1_103' title='bbox 235 1145 340 1197; x_wconf 90' lang='lat' dir='ltr'>animus</span> <span class='ocrx_word' id='word_1_104' title='bbox 358 1145 385 1195; x_wconf 89' lang='lat' dir='ltr'>in</span> <span class='ocrx_word' id='word_1_105' title='bbox 404 1146 492 1195; x_wconf 84' lang='lat' dir='ltr'>morte</span> <span class='ocrx_word' id='word_1_106' title='bbox 510 1142 636 1195; x_wconf 86' lang='lat' dir='ltr'>facillime</span> <span class='ocrx_word' id='word_1_107' title='bbox 655 1141 744 1195; x_wconf 89' lang='lat' dir='ltr'>evolet</span> <span class='ocrx_word' id='word_1_108' title='bbox 762 1146 901 1210; x_wconf 88' lang='lat' dir='ltr'>tamquam</span> <span class='ocrx_word' id='word_1_109' title='bbox 921 1160 937 1195; x_wconf 90' lang='lat' dir='ltr'>e</span> <span class='ocrx_word' id='word_1_110' title='bbox 955 1160 1014 1196; x_wconf 90' lang='lat' dir='ltr'>cns-</span> 
     </span>
     <span class='ocr_line' id='line_1_15' title="bbox 164 1219 1014 1287; baseline -0.002 -14"><span class='ocrx_word' id='word_1_111' title='bbox 164 1220 238 1273; x_wconf 89' lang='lat' dir='ltr'>todia</span> <span class='ocrx_word' id='word_1_112' title='bbox 250 1220 416 1286; x_wconf 80' lang='lat' dir='ltr'>vinculisque</span> <span class='ocrx_word' id='word_1_113' title='bbox 425 1220 553 1287; x_wconf 84' lang='lat' dir='ltr'>corporis,</span> <span class='ocrx_word' id='word_1_114' title='bbox 564 1219 606 1270; x_wconf 86' lang='lat' dir='ltr'>cui</span> <span class='ocrx_word' id='word_1_115' title='bbox 619 1234 760 1271; x_wconf 86' lang='lat' dir='ltr'>censemus</span> <span class='ocrx_word' id='word_1_116' title='bbox 771 1235 880 1272; x_wconf 89' lang='lat' dir='ltr'>cursum</span> <span class='ocrx_word' id='word_1_117' title='bbox 894 1219 930 1271; x_wconf 87' lang='lat' dir='ltr'>ad</span> <span class='ocrx_word' id='word_1_118' title='bbox 948 1220 1014 1271; x_wconf 90' lang='lat' dir='ltr'>deos</span> 
     </span>
     <span class='ocr_line' id='line_1_16' title="bbox 162 1293 1014 1364; baseline -0.001 -15"><span class='ocrx_word' id='word_1_119' title='bbox 162 1297 310 1349; x_wconf 85' lang='lat' dir='ltr'>faciliorem</span> <span class='ocrx_word' id='word_1_120' title='bbox 322 1296 405 1348; x_wconf 88' lang='lat' dir='ltr'>fuisse</span> <span class='ocrx_word' id='word_1_121' title='bbox 419 1312 500 1364; x_wconf 87' lang='lat' dir='ltr'>quam</span> <span class='ocrx_word' id='word_1_122' title='bbox 514 1294 648 1362; x_wconf 87' lang='lat' dir='ltr'>Scipionil</span> <span class='ocrx_word' id='word_1_123' title='bbox 685 1293 817 1357; x_wconf 85' lang='lat' dir='ltr'>Quocirca</span> <span class='ocrx_word' id='word_1_124' title='bbox 829 1312 951 1348; x_wconf 86' lang='lat' dir='ltr'>maerere</span> <span class='ocrx_word' id='word_1_125' title='bbox 963 1295 1014 1348; x_wconf 89' lang='lat' dir='ltr'>hoc</span> 
     </span>
     <span class='ocr_line' id='line_1_17' title="bbox 163 1370 1012 1439; baseline -0.002 -14"><span class='ocrx_word' id='word_1_126' title='bbox 163 1372 222 1439; x_wconf 88' lang='lat' dir='ltr'>ejus</span> <span class='ocrx_word' id='word_1_127' title='bbox 235 1378 335 1425; x_wconf 86' lang='lat' dir='ltr'>eventu</span> <span class='ocrx_word' id='word_1_128' title='bbox 347 1388 442 1424; x_wconf 84' lang='lat' dir='ltr'>vereor·</span> <span class='ocrx_word' id='word_1_129' title='bbox 454 1387 488 1423; x_wconf 88' lang='lat' dir='ltr'>no</span> <span class='ocrx_word' id='word_1_130' title='bbox 501 1370 585 1422; x_wconf 86' lang='lat' dir='ltr'>invidi</span> <span class='ocrx_word' id='word_1_131' title='bbox 598 1371 685 1438; x_wconf 84' lang='lat' dir='ltr'>magis</span> <span class='ocrx_word' id='word_1_132' title='bbox 698 1387 779 1439; x_wconf 89' lang='lat' dir='ltr'>quam</span> <span class='ocrx_word' id='word_1_133' title='bbox 793 1371 872 1424; x_wconf 90' lang='lat' dir='ltr'>amici</span> <span class='ocrx_word' id='word_1_134' title='bbox 884 1372 928 1425; x_wconf 88' lang='lat' dir='ltr'>sit.</span> <span class='ocrx_word' id='word_1_135' title='bbox 966 1372 1012 1424; x_wconf 86' lang='lat' dir='ltr'>Sin</span> 
     </span>
     <span class='ocr_line' id='line_1_18' title="bbox 163 1447 1014 1501; baseline -0.002 0"><span class='ocrx_word' id='word_1_136' title='bbox 163 1454 254 1501; x_wconf 85' lang='lat' dir='ltr'>autern</span> <span class='ocrx_word' id='word_1_137' title='bbox 273 1449 320 1501; x_wconf 90' lang='lat' dir='ltr'>illa</span> <span class='ocrx_word' id='word_1_138' title='bbox 339 1448 445 1501; x_wconf 87' lang='lat' dir='ltr'>veriora</span> <span class='ocrx_word' id='word_1_139' title='bbox 463 1452 494 1500; x_wconf 92' lang='lat' dir='ltr'>ut</span> <span class='ocrx_word' id='word_1_140' title='bbox 513 1447 587 1500; x_wconf 91' lang='lat' dir='ltr'>idem</span> <span class='ocrx_word' id='word_1_141' title='bbox 606 1448 737 1500; x_wconf 90' lang='lat' dir='ltr'>interitus</span> <span class='ocrx_word' id='word_1_142' title='bbox 757 1448 793 1500; x_wconf 89' lang='lat' dir='ltr'>sit</span> <span class='ocrx_word' id='word_1_143' title='bbox 812 1448 963 1499; x_wconf 88' lang='lat' dir='ltr'>animorum</span> <span class='ocrx_word' id='word_1_144' title='bbox 984 1453 1014 1499; x_wconf 92' lang='lat' dir='ltr'>ct</span> 
     </span>
     <span class='ocr_line' id='line_1_19' title="bbox 162 1522 1013 1593; baseline -0.001 -16"><span class='ocrx_word' id='word_1_145' title='bbox 162 1541 302 1593; x_wconf 86' lang='lat' dir='ltr'>corporum</span> <span class='ocrx_word' id='word_1_146' title='bbox 322 1541 372 1593; x_wconf 79' lang='lat' dir='ltr'>nec</span> <span class='ocrx_word' id='word_1_147' title='bbox 388 1523 458 1576; x_wconf 89' lang='lat' dir='ltr'>ullus</span> <span class='ocrx_word' id='word_1_148' title='bbox 475 1541 570 1576; x_wconf 88' lang='lat' dir='ltr'>sensus</span> <span class='ocrx_word' id='word_1_149' title='bbox 587 1527 705 1589; x_wconf 87' lang='lat' dir='ltr'>mancat,</span> <span class='ocrx_word' id='word_1_150' title='bbox 722 1528 754 1577; x_wconf 89' lang='lat' dir='ltr'>ut</span> <span class='ocrx_word' id='word_1_151' title='bbox 768 1524 835 1576; x_wconf 91' lang='lat' dir='ltr'>nihil</span> <span class='ocrx_word' id='word_1_152' title='bbox 849 1522 913 1576; x_wconf 90' lang='lat' dir='ltr'>boni</span> <span class='ocrx_word' id='word_1_153' title='bbox 927 1528 971 1576; x_wconf 88' lang='lat' dir='ltr'>est</span> <span class='ocrx_word' id='word_1_154' title='bbox 985 1525 1013 1576; x_wconf 89' lang='lat' dir='ltr'>in</span> 
     </span>
     <span class='ocr_line' id='line_1_20' title="bbox 163 1599 1013 1667; baseline -0.002 -13"><span class='ocrx_word' id='word_1_155' title='bbox 163 1606 258 1667; x_wconf 85' lang='lat' dir='ltr'>morte,</span> <span class='ocrx_word' id='word_1_156' title='bbox 272 1602 310 1654; x_wconf 91' lang='lat' dir='ltr'>sic</span> <span class='ocrx_word' id='word_1_157' title='bbox 322 1604 397 1653; x_wconf 88' lang='lat' dir='ltr'>certo</span> <span class='ocrx_word' id='word_1_158' title='bbox 409 1600 473 1652; x_wconf 89' lang='lat' dir='ltr'>nihil</span> <span class='ocrx_word' id='word_1_159' title='bbox 487 1600 558 1654; x_wconf 88' lang='lat' dir='ltr'>mali.</span> <span class='ocrx_word' id='word_1_160' title='bbox 594 1602 680 1653; x_wconf 88' lang='lat' dir='ltr'>Sensu</span> <span class='ocrx_word' id='word_1_161' title='bbox 692 1601 762 1652; x_wconf 89' lang='lat' dir='ltr'>enim</span> <span class='ocrx_word' id='word_1_162' title='bbox 777 1600 882 1666; x_wconf 91' lang='lat' dir='ltr'>amisso,</span> <span class='ocrx_word' id='word_1_163' title='bbox 896 1599 928 1651; x_wconf 86' lang='lat' dir='ltr'>lit</span> <span class='ocrx_word' id='word_1_164' title='bbox 940 1599 1013 1652; x_wconf 90' lang='lat' dir='ltr'>idem</span> 
     </span>
     <span class='ocr_line' id='line_1_21' title="bbox 163 1677 1013 1746; baseline -0.002 -16"><span class='ocrx_word' id='word_1_165' title='bbox 163 1678 238 1746; x_wconf 91' lang='lat' dir='ltr'>quasi</span> <span class='ocrx_word' id='word_1_166' title='bbox 254 1681 335 1730; x_wconf 89' lang='lat' dir='ltr'>natus</span> <span class='ocrx_word' id='word_1_167' title='bbox 350 1694 403 1729; x_wconf 91' lang='lat' dir='ltr'>non</span> <span class='ocrx_word' id='word_1_168' title='bbox 416 1680 490 1729; x_wconf 87' lang='lat' dir='ltr'>esset</span> <span class='ocrx_word' id='word_1_169' title='bbox 502 1677 625 1741; x_wconf 82' lang='lat' dir='ltr'>omnin03</span> <span class='ocrx_word' id='word_1_170' title='bbox 644 1693 725 1745; x_wconf 91' lang='lat' dir='ltr'>quem</span> <span class='ocrx_word' id='word_1_171' title='bbox 740 1680 832 1729; x_wconf 88' lang='lat' dir='ltr'>tamen</span> <span class='ocrx_word' id='word_1_172' title='bbox 846 1692 905 1728; x_wconf 91' lang='lat' dir='ltr'>esse</span> <span class='ocrx_word' id='word_1_173' title='bbox 920 1680 1013 1728; x_wconf 88' lang='lat' dir='ltr'>natum</span> 
     </span>
     <span class='ocr_line' id='line_1_22' title="bbox 163 1752 1013 1821; baseline -0.002 -16"><span class='ocrx_word' id='word_1_174' title='bbox 163 1758 191 1806; x_wconf 91' lang='lat' dir='ltr'>et</span> <span class='ocrx_word' id='word_1_175' title='bbox 210 1771 259 1806; x_wconf 91' lang='lat' dir='ltr'>nos</span> <span class='ocrx_word' id='word_1_176' title='bbox 277 1754 427 1821; x_wconf 84' lang='lat' dir='ltr'>gaudemus</span> <span class='ocrx_word' id='word_1_177' title='bbox 449 1757 477 1805; x_wconf 88' lang='lat' dir='ltr'>et</span> <span class='ocrx_word' id='word_1_178' title='bbox 497 1754 677 1806; x_wconf 83' lang='lat' dir='ltr'>haeccivitas</span> <span class='ocrx_word' id='word_1_179' title='bbox 698 1753 763 1805; x_wconf 93' lang='lat' dir='ltr'>dum</span> <span class='ocrx_word' id='word_1_180' title='bbox 783 1753 837 1805; x_wconf 85' lang='lat' dir='ltr'>crit</span> <span class='ocrx_word' id='word_1_181' title='bbox 856 1752 1013 1805; x_wconf 88' lang='lat' dir='ltr'>lactabitur.</span> 
     </span>
     <span class='ocr_line' id='line_1_23' title="bbox 165 1826 1013 1897; baseline -0.002 -16"><span class='ocrx_word' id='word_1_182' title='bbox 165 1836 203 1882; x_wconf 81' lang='grc'>15.</span> <span class='ocrx_word' id='word_1_183' title='bbox 223 1830 404 1895; x_wconf 82' lang='lat' dir='ltr'>Quamobrem</span> <span class='ocrx_word' id='word_1_184' title='bbox 420 1846 480 1882; x_wconf 88' lang='lat' dir='ltr'>oum</span> <span class='ocrx_word' id='word_1_185' title='bbox 495 1829 541 1881; x_wconf 91' lang='lat' dir='ltr'>illo</span> <span class='ocrx_word' id='word_1_186' title='bbox 557 1830 676 1896; x_wconf 87' lang='lat' dir='ltr'>quidem,</span> <span class='ocrx_word' id='word_1_187' title='bbox 695 1834 726 1881; x_wconf 95' lang='lat' dir='ltr'>ut</span> <span class='ocrx_word' id='word_1_188' title='bbox 742 1826 903 1897; x_wconf 81' lang='lat' dir='ltr'>supradixi,</span> <span class='ocrx_word' id='word_1_189' title='bbox 922 1834 1013 1880; x_wconf 87' lang='lat' dir='ltr'>actum</span> 
     </span>
     <span class='ocr_line' id='line_1_24' title="bbox 163 1904 1013 1972; baseline -0.004 -14"><span class='ocrx_word' id='word_1_190' title='bbox 163 1906 266 1972; x_wconf 86' lang='lat' dir='ltr'>optima</span> <span class='ocrx_word' id='word_1_191' title='bbox 281 1909 331 1971; x_wconf 88' lang='lat' dir='ltr'>est,</span> <span class='ocrx_word' id='word_1_192' title='bbox 346 1921 451 1957; x_wconf 88' lang='lat' dir='ltr'>mecum</span> <span class='ocrx_word' id='word_1_193' title='bbox 468 1904 670 1967; x_wconf 88' lang='lat' dir='ltr'>incommodius,</span> <span class='ocrx_word' id='word_1_194' title='bbox 688 1921 769 1971; x_wconf 88' lang='lat' dir='ltr'>quem</span> <span class='ocrx_word' id='word_1_195' title='bbox 787 1904 880 1957; x_wconf 85' lang='lat' dir='ltr'>fuerat</span> <span class='ocrx_word' id='word_1_196' title='bbox 893 1904 1013 1971; x_wconf 87' lang='lat' dir='ltr'>aequius,</span> 
     </span>
     <span class='ocr_line' id='line_1_25' title="bbox 163 1980 1013 2049; baseline -0.002 -16"><span class='ocrx_word' id='word_1_197' title='bbox 163 1984 194 2034; x_wconf 90' lang='lat' dir='ltr'>ut</span> <span class='ocrx_word' id='word_1_198' title='bbox 206 1983 280 2049; x_wconf 90' lang='lat' dir='ltr'>prius</span> <span class='ocrx_word' id='word_1_199' title='bbox 292 1983 457 2046; x_wconf 76' lang='lat' dir='ltr'>introieram,</span> <span class='ocrx_word' id='word_1_200' title='bbox 472 1982 509 2033; x_wconf 90' lang='lat' dir='ltr'>sic</span> <span class='ocrx_word' id='word_1_201' title='bbox 523 1982 599 2048; x_wconf 92' lang='lat' dir='ltr'>prins</span> <span class='ocrx_word' id='word_1_202' title='bbox 611 1981 687 2033; x_wconf 79' lang='lat' dir='ltr'>exire</span> <span class='ocrx_word' id='word_1_203' title='bbox 700 1981 813 2034; x_wconf 90' lang='lat' dir='ltr'>devita.</span> <span class='ocrx_word' id='word_1_204' title='bbox 852 1980 907 2033; x_wconf 88' lang='lat' dir='ltr'>Sed</span> <span class='ocrx_word' id='word_1_205' title='bbox 921 1985 1013 2033; x_wconf 72' lang='lat' dir='ltr'>tamar</span> 
     </span>
     <span class='ocr_line' id='line_1_26' title="bbox 163 2056 1013 2110; baseline -0.004 0"><span class='ocrx_word' id='word_1_206' title='bbox 163 2058 351 2110; x_wconf 86' lang='lat' dir='ltr'>recordatione</span> <span class='ocrx_word' id='word_1_207' title='bbox 365 2061 474 2109; x_wconf 87' lang='lat' dir='ltr'>nostrae</span> <span class='ocrx_word' id='word_1_208' title='bbox 489 2057 624 2109; x_wconf 89' lang='lat' dir='ltr'>amicitiae</span> <span class='ocrx_word' id='word_1_209' title='bbox 637 2057 675 2109; x_wconf 89' lang='lat' dir='ltr'>sic</span> <span class='ocrx_word' id='word_1_210' title='bbox 687 2057 763 2108; x_wconf 87' lang='lat' dir='ltr'>fruor</span> <span class='ocrx_word' id='word_1_211' title='bbox 775 2061 807 2109; x_wconf 88' lang='lat' dir='ltr'>ut</span> <span class='ocrx_word' id='word_1_212' title='bbox 822 2056 902 2110; x_wconf 88' lang='lat' dir='ltr'>beate</span> <span class='ocrx_word' id='word_1_213' title='bbox 915 2057 1013 2108; x_wconf 83' lang='lat' dir='ltr'>vixisse</span> 
     </span>
     <span class='ocr_line' id='line_1_27' title="bbox 163 2132 1013 2200; baseline 0.002 -16"><span class='ocrx_word' id='word_1_214' title='bbox 163 2133 264 2199; x_wconf 89' lang='lat' dir='ltr'>videar,</span> <span class='ocrx_word' id='word_1_215' title='bbox 280 2133 344 2200; x_wconf 90' lang='lat' dir='ltr'>quia</span> <span class='ocrx_word' id='word_1_216' title='bbox 361 2149 422 2184; x_wconf 89' lang='lat' dir='ltr'>cum</span> <span class='ocrx_word' id='word_1_217' title='bbox 441 2133 565 2199; x_wconf 80' lang='lat' dir='ltr'>Scipione</span> <span class='ocrx_word' id='word_1_218' title='bbox 583 2132 713 2195; x_wconf 86' lang='lat' dir='ltr'>vixerim;</span> <span class='ocrx_word' id='word_1_219' title='bbox 732 2149 847 2199; x_wconf 87' lang='lat' dir='ltr'>quocum</span> <span class='ocrx_word' id='word_1_220' title='bbox 866 2132 933 2184; x_wconf 85' lang='lat' dir='ltr'>mihi</span> <span class='ocrx_word' id='word_1_221' title='bbox 951 2149 1013 2185; x_wconf 89' lang='lat' dir='ltr'>oon-</span> 
     </span>
     <span class='ocr_line' id='line_1_28' title="bbox 159 2206 1013 2275; baseline 0.002 -16"><span class='ocrx_word' id='word_1_222' title='bbox 159 2208 257 2275; x_wconf 89' lang='lat' dir='ltr'>juncta</span> <span class='ocrx_word' id='word_1_223' title='bbox 269 2224 333 2260; x_wconf 81' lang='lat' dir='ltr'>cura</span> <span class='ocrx_word' id='word_1_224' title='bbox 346 2208 381 2259; x_wconf 90' lang='lat' dir='ltr'>de</span> <span class='ocrx_word' id='word_1_225' title='bbox 396 2206 548 2275; x_wconf 87' lang='lat' dir='ltr'>republica</span> <span class='ocrx_word' id='word_1_226' title='bbox 563 2211 593 2259; x_wconf 84' lang='lat' dir='ltr'>et</span> <span class='ocrx_word' id='word_1_227' title='bbox 607 2207 642 2259; x_wconf 91' lang='lat' dir='ltr'>dc</span> <span class='ocrx_word' id='word_1_228' title='bbox 658 2208 765 2273; x_wconf 84' lang='lat' dir='ltr'>privata</span> <span class='ocrx_word' id='word_1_229' title='bbox 780 2207 841 2272; x_wconf 82' lang='lat' dir='ltr'>fuit,</span> <span class='ocrx_word' id='word_1_230' title='bbox 854 2225 969 2275; x_wconf 88' lang='lat' dir='ltr'>quocum</span> <span class='ocrx_word' id='word_1_231' title='bbox 985 2212 1013 2261; x_wconf 88' lang='lat' dir='ltr'>et</span> 
     </span>
     <span class='ocr_line' id='line_1_29' title="bbox 163 2283 1014 2354; baseline 0 -18"><span class='ocrx_word' id='word_1_232' title='bbox 163 2284 259 2336; x_wconf 90' lang='lat' dir='ltr'>domus</span> <span class='ocrx_word' id='word_1_233' title='bbox 270 2283 322 2337; x_wconf 85' lang='lat' dir='ltr'>fuit</span> <span class='ocrx_word' id='word_1_234' title='bbox 330 2284 461 2337; x_wconf 87' lang='lat' dir='ltr'>etmilitia</span> <span class='ocrx_word' id='word_1_235' title='bbox 473 2287 630 2350; x_wconf 88' lang='lat' dir='ltr'>communis,</span> <span class='ocrx_word' id='word_1_236' title='bbox 638 2289 667 2338; x_wconf 87' lang='lat' dir='ltr'>et</span> <span class='ocrx_word' id='word_1_237' title='bbox 673 2287 700 2339; x_wconf 89' lang='lat' dir='ltr'>id</span> <span class='ocrx_word' id='word_1_238' title='bbox 710 2286 737 2338; x_wconf 89' lang='lat' dir='ltr'>in</span> <span class='ocrx_word' id='word_1_239' title='bbox 745 2302 800 2354; x_wconf 87' lang='lat' dir='ltr'>quo</span> <span class='ocrx_word' id='word_1_240' title='bbox 812 2290 856 2337; x_wconf 77' lang='lat' dir='ltr'>est</span> <span class='ocrx_word' id='word_1_241' title='bbox 872 2284 959 2335; x_wconf 71' lang='lat' dir='ltr'>omitia</span> <span class='ocrx_word' id='word_1_242' title='bbox 973 2284 1014 2336; x_wconf 88' lang='lat' dir='ltr'>vis</span> 
     </span>
     <span class='ocr_line' id='line_1_30' title="bbox 163 2359 1014 2425; baseline -0.001 -13"><span class='ocrx_word' id='word_1_243' title='bbox 163 2359 306 2425; x_wconf 86' lang='lat' dir='ltr'>amicitiae,</span> <span class='ocrx_word' id='word_1_244' title='bbox 323 2360 499 2424; x_wconf 87' lang='lat' dir='ltr'>voluntatum,</span> <span class='ocrx_word' id='word_1_245' title='bbox 517 2359 684 2425; x_wconf 79' lang='lat' dir='ltr'>studiorum,</span> <span class='ocrx_word' id='word_1_246' title='bbox 694 2360 890 2412; x_wconf 89' lang='lat' dir='ltr'>sententiarum</span> <span class='ocrx_word' id='word_1_247' title='bbox 909 2375 1014 2412; x_wconf 88' lang='lat' dir='ltr'>summa</span> 
     </span>
     <span class='ocr_line' id='line_1_31' title="bbox 162 2435 1013 2504; baseline -0.001 -15"><span class='ocrx_word' id='word_1_248' title='bbox 162 2437 309 2489; x_wconf 86' lang='lat' dir='ltr'>consensio.</span> <span class='ocrx_word' id='word_1_249' title='bbox 353 2437 451 2504; x_wconf 88' lang='lat' dir='ltr'>ltaque</span> <span class='ocrx_word' id='word_1_250' title='bbox 470 2453 522 2488; x_wconf 89' lang='lat' dir='ltr'>non</span> <span class='ocrx_word' id='word_1_251' title='bbox 543 2440 600 2488; x_wconf 88' lang='lat' dir='ltr'>tam</span> <span class='ocrx_word' id='word_1_252' title='bbox 625 2437 678 2489; x_wconf 88' lang='lat' dir='ltr'>ista</span> <span class='ocrx_word' id='word_1_253' title='bbox 698 2453 743 2489; x_wconf 89' lang='lat' dir='ltr'>me</span> <span class='ocrx_word' id='word_1_254' title='bbox 763 2435 912 2503; x_wconf 88' lang='lat' dir='ltr'>sapientiae</span> <span class='ocrx_word' id='word_1_255' title='bbox 932 2452 1013 2504; x_wconf 90' lang='lat' dir='ltr'>quam</span> 
     </span>
     <span class='ocr_line' id='line_1_32' title="bbox 162 2510 1014 2579; baseline -0.002 -14"><span class='ocrx_word' id='word_1_256' title='bbox 162 2511 242 2565; x_wconf 89' lang='lat' dir='ltr'>modo</span> <span class='ocrx_word' id='word_1_257' title='bbox 258 2511 377 2565; x_wconf 78' lang='lat' dir='ltr'>Fannius</span> <span class='ocrx_word' id='word_1_258' title='bbox 392 2513 612 2565; x_wconf 87' lang='lat' dir='ltr'>commemoravit</span> <span class='ocrx_word' id='word_1_259' title='bbox 626 2512 698 2564; x_wconf 87' lang='lat' dir='ltr'>fama</span> <span class='ocrx_word' id='word_1_260' title='bbox 713 2511 839 2576; x_wconf 85' lang='lat' dir='ltr'>delectat,</span> <span class='ocrx_word' id='word_1_261' title='bbox 853 2510 920 2564; x_wconf 83' lang='lat' dir='ltr'>falsa</span> <span class='ocrx_word' id='word_1_262' title='bbox 938 2528 1014 2579; x_wconf 88' lang='lat' dir='ltr'>prae-</span> 
     </span>
     <span class='ocr_line' id='line_1_33' title="bbox 163 2588 1013 2656; baseline -0.004 -15"><span class='ocrx_word' id='word_1_263' title='bbox 163 2589 264 2654; x_wconf 89' lang='lat' dir='ltr'>sertim,</span> <span class='ocrx_word' id='word_1_264' title='bbox 277 2605 358 2656; x_wconf 90' lang='lat' dir='ltr'>quam</span> <span class='ocrx_word' id='word_1_265' title='bbox 378 2588 450 2655; x_wconf 91' lang='lat' dir='ltr'>quod</span> <span class='ocrx_word' id='word_1_266' title='bbox 470 2588 605 2641; x_wconf 86' lang='lat' dir='ltr'>amicitiae</span> <span class='ocrx_word' id='word_1_267' title='bbox 625 2593 734 2641; x_wconf 89' lang='lat' dir='ltr'>nostrae</span> <span class='ocrx_word' id='word_1_268' title='bbox 753 2588 912 2640; x_wconf 85' lang='lat' dir='ltr'>memoriam</span> <span class='ocrx_word' id='word_1_269' title='bbox 934 2604 1013 2655; x_wconf 85' lang='lat' dir='ltr'>spero</span> 
     </span>
     <span class='ocr_line' id='line_1_34' title="bbox 163 2662 1013 2733; baseline -0.004 -16"><span class='ocrx_word' id='word_1_270' title='bbox 163 2665 355 2733; x_wconf 88' lang='lat' dir='ltr'>sempiternam</span> <span class='ocrx_word' id='word_1_271' title='bbox 367 2664 435 2717; x_wconf 88' lang='lat' dir='ltr'>fore.</span> <span class='ocrx_word' id='word_1_272' title='bbox 471 2664 560 2731; x_wconf 87' lang='lat' dir='ltr'>quue</span> <span class='ocrx_word' id='word_1_273' title='bbox 573 2663 638 2716; x_wconf 89' lang='lat' dir='ltr'>mihi</span> <span class='ocrx_word' id='word_1_274' title='bbox 652 2681 684 2715; x_wconf 85' lang='lat' dir='ltr'>co</span> <span class='ocrx_word' id='word_1_275' title='bbox 697 2663 783 2730; x_wconf 77' lang='lat' dir='ltr'>magis</span> <span class='ocrx_word' id='word_1_276' title='bbox 797 2667 840 2715; x_wconf 89' lang='lat' dir='ltr'>est</span> <span class='ocrx_word' id='word_1_277' title='bbox 852 2662 926 2715; x_wconf 90' lang='lat' dir='ltr'>cordi</span> <span class='ocrx_word' id='word_1_278' title='bbox 940 2663 1013 2731; x_wconf 90' lang='lat' dir='ltr'>quod</span> 
     </span>
     <span class='ocr_line' id='line_1_35' title="bbox 162 2739 1014 2808; baseline -0.002 -15"><span class='ocrx_word' id='word_1_279' title='bbox 162 2758 197 2793; x_wconf 84' lang='lat' dir='ltr'>ex</span> <span class='ocrx_word' id='word_1_280' title='bbox 215 2740 338 2793; x_wconf 91' lang='lat' dir='ltr'>omnibus</span> <span class='ocrx_word' id='word_1_281' title='bbox 363 2740 459 2793; x_wconf 89' lang='lat' dir='ltr'>seculis</span> <span class='ocrx_word' id='word_1_282' title='bbox 478 2742 523 2793; x_wconf 85' lang='lat' dir='ltr'>vix</span> <span class='ocrx_word' id='word_1_283' title='bbox 542 2740 597 2793; x_wconf 84' lang='lat' dir='ltr'>tria</span> <span class='ocrx_word' id='word_1_284' title='bbox 618 2745 665 2793; x_wconf 90' lang='lat' dir='ltr'>aut</span> <span class='ocrx_word' id='word_1_285' title='bbox 685 2744 816 2808; x_wconf 87' lang='lat' dir='ltr'>quattuor</span> <span class='ocrx_word' id='word_1_286' title='bbox 840 2739 1014 2791; x_wconf 84' lang='lat' dir='ltr'>nominantur</span> 
     </span>
     <span class='ocr_line' id='line_1_36' title="bbox 162 2814 1014 2885; baseline -0.002 -17"><span class='ocrx_word' id='word_1_287' title='bbox 162 2817 237 2883; x_wconf 87' lang='lat' dir='ltr'>paria</span> <span class='ocrx_word' id='word_1_288' title='bbox 249 2817 411 2880; x_wconf 76' lang='lat' dir='ltr'>amicorum3</span> <span class='ocrx_word' id='word_1_289' title='bbox 429 2834 483 2885; x_wconf 87' lang='lat' dir='ltr'>quo</span> <span class='ocrx_word' id='word_1_290' title='bbox 497 2818 524 2868; x_wconf 91' lang='lat' dir='ltr'>in</span> <span class='ocrx_word' id='word_1_291' title='bbox 536 2834 635 2884; x_wconf 81' lang='lat' dir='ltr'>genere</span> <span class='ocrx_word' id='word_1_292' title='bbox 649 2833 760 2884; x_wconf 89' lang='lat' dir='ltr'>sperare</span> <span class='ocrx_word' id='word_1_293' title='bbox 775 2815 870 2867; x_wconf 90' lang='lat' dir='ltr'>videor</span> <span class='ocrx_word' id='word_1_294' title='bbox 883 2814 1014 2881; x_wconf 83' lang='lat' dir='ltr'>Scipionis</span> 
     </span>
     <span class='ocr_line' id='line_1_37' title="bbox 162 2891 1013 2961; baseline -0.006 -15"><span class='ocrx_word' id='word_1_295' title='bbox 162 2897 190 2946; x_wconf 91' lang='lat' dir='ltr'>et</span> <span class='ocrx_word' id='word_1_296' title='bbox 212 2893 293 2945; x_wconf 87' lang='lat' dir='ltr'>Laelii</span> <span class='ocrx_word' id='word_1_297' title='bbox 313 2893 459 2945; x_wconf 85' lang='lat' dir='ltr'>amicitiam</span> <span class='ocrx_word' id='word_1_298' title='bbox 476 2898 569 2946; x_wconf 88' lang='lat' dir='ltr'>notam</span> <span class='ocrx_word' id='word_1_299' title='bbox 588 2892 745 2961; x_wconf 85' lang='lat' dir='ltr'>posteritati</span> <span class='ocrx_word' id='word_1_300' title='bbox 760 2892 827 2944; x_wconf 87' lang='lat' dir='ltr'>fore.</span> <span class='ocrx_word' id='word_1_301' title='bbox 867 2897 905 2944; x_wconf 91' lang='grc'>16.</span> <span class='ocrx_word' id='word_1_302' title='bbox 925 2891 947 2942; x_wconf 82' lang='lat' dir='ltr'>F</span> <span class='ocrx_word' id='word_1_303' title='bbox 949 2906 1013 2942; x_wconf 66' lang='lat' dir='ltr'>ava.</span> 
     </span>
     <span class='ocr_line' id='line_1_38' title="bbox 162 2966 1014 3036; baseline -0.005 -15"><span class='ocrx_word' id='word_1_304' title='bbox 162 2968 243 3021; x_wconf 91' lang='lat' dir='ltr'>Istud</span> <span class='ocrx_word' id='word_1_305' title='bbox 256 2968 375 3036; x_wconf 88' lang='lat' dir='ltr'>quidem,</span> <span class='ocrx_word' id='word_1_306' title='bbox 390 2969 470 3033; x_wconf 84' lang='lat' dir='ltr'>Laeli,</span> <span class='ocrx_word' id='word_1_307' title='bbox 482 2970 522 3022; x_wconf 89' lang='lat' dir='ltr'>ita</span> <span class='ocrx_word' id='word_1_308' title='bbox 533 2986 643 3021; x_wconf 90' lang='lat' dir='ltr'>neccsse</span> <span class='ocrx_word' id='word_1_309' title='bbox 654 2972 704 3021; x_wconf 90' lang='lat' dir='ltr'>est.</span> <span class='ocrx_word' id='word_1_310' title='bbox 741 2968 795 3021; x_wconf 89' lang='lat' dir='ltr'>Sed</span> <span class='ocrx_word' id='word_1_311' title='bbox 809 2968 937 3036; x_wconf 90' lang='lat' dir='ltr'>quoniam</span> <span class='ocrx_word' id='word_1_312' title='bbox 949 2966 1014 3017; x_wconf 90' lang='lat' dir='ltr'>ami-</span> 
     </span>
    </p>
   </div>
   <div class='ocr_carea' id='block_1_2' title="bbox 160 3040 1014 3265">
    <p class='ocr_par' dir='ltr' id='par_1_2' title="bbox 160 3040 1014 3265">
     <span class='ocr_line' id='line_1_39' title="bbox 161 3040 1014 3111; baseline -0.008 -14"><span class='ocrx_word' id='word_1_313' title='bbox 161 3045 241 3097; x_wconf 90' lang='lat' dir='ltr'>citiae</span> <span class='ocrx_word' id='word_1_314' title='bbox 254 3045 417 3097; x_wconf 88' lang='lat' dir='ltr'>mentionem</span> <span class='ocrx_word' id='word_1_315' title='bbox 431 3043 518 3096; x_wconf 83' lang='lat' dir='ltr'>iecisti</span> <span class='ocrx_word' id='word_1_316' title='bbox 533 3047 561 3096; x_wconf 91' lang='lat' dir='ltr'>et</span> <span class='ocrx_word' id='word_1_317' title='bbox 575 3061 668 3097; x_wconf 88' lang='lat' dir='ltr'>sumus</span> <span class='ocrx_word' id='word_1_318' title='bbox 676 3044 764 3107; x_wconf 91' lang='lat' dir='ltr'>otiosi,</span> <span class='ocrx_word' id='word_1_319' title='bbox 774 3046 934 3111; x_wconf 84' lang='lat' dir='ltr'>pergratum</span> <span class='ocrx_word' id='word_1_320' title='bbox 947 3040 1014 3091; x_wconf 89' lang='lat' dir='ltr'>mihi</span> 
     </span>
     <span class='ocr_line' id='line_1_40' title="bbox 161 3116 1013 3188; baseline -0.007 -15"><span class='ocrx_word' id='word_1_321' title='bbox 161 3121 264 3186; x_wconf 84' lang='lat' dir='ltr'>leceris,</span> <span class='ocrx_word' id='word_1_322' title='bbox 278 3135 357 3188; x_wconf 90' lang='lat' dir='ltr'>spero</span> <span class='ocrx_word' id='word_1_323' title='bbox 369 3120 436 3173; x_wconf 89' lang='lat' dir='ltr'>item</span> <span class='ocrx_word' id='word_1_324' title='bbox 447 3120 599 3186; x_wconf 88' lang='lat' dir='ltr'>Scaevolae,</span> <span class='ocrx_word' id='word_1_325' title='bbox 611 3119 634 3171; x_wconf 92' lang='lat' dir='ltr'>si</span> <span class='ocrx_word' id='word_1_326' title='bbox 646 3119 875 3188; x_wconf 88' lang='lat' dir='ltr'>quemadmodum</span> <span class='ocrx_word' id='word_1_327' title='bbox 889 3116 959 3168; x_wconf 87' lang='lat' dir='ltr'>soles</span> <span class='ocrx_word' id='word_1_328' title='bbox 978 3116 1013 3167; x_wconf 91' lang='lat' dir='ltr'>dc</span> 
     </span>
     <span class='ocr_line' id='line_1_41' title="bbox 160 3191 1014 3265; baseline -0.008 -16"><span class='ocrx_word' id='word_1_329' title='bbox 160 3196 260 3250; x_wconf 82' lang='lat' dir='ltr'>ccte1is</span> <span class='ocrx_word' id='word_1_330' title='bbox 278 3195 360 3249; x_wconf 86' lang='lat' dir='ltr'>rebus</span> <span class='ocrx_word' id='word_1_331' title='bbox 381 3211 465 3265; x_wconf 91' lang='lat' dir='ltr'>quum</span> <span class='ocrx_word' id='word_1_332' title='bbox 486 3211 521 3248; x_wconf 82' lang='lat' dir='ltr'>ex</span> <span class='ocrx_word' id='word_1_333' title='bbox 540 3198 570 3248; x_wconf 82' lang='lat' dir='ltr'>te</span> <span class='ocrx_word' id='word_1_334' title='bbox 591 3198 768 3261; x_wconf 88' lang='lat' dir='ltr'>quaeruntur,</span> <span class='ocrx_word' id='word_1_335' title='bbox 782 3193 820 3245; x_wconf 89' lang='lat' dir='ltr'>sic</span> <span class='ocrx_word' id='word_1_336' title='bbox 837 3192 873 3245; x_wconf 92' lang='lat' dir='ltr'>de</span> <span class='ocrx_word' id='word_1_337' title='bbox 894 3191 1014 3244; x_wconf 84' lang='lat' dir='ltr'>amicitia</span> 
     </span>
    </p>
   </div>
   <div class='ocr_carea' id='block_1_3' title="bbox 0 0 1127 3542">
    <p class='ocr_par' dir='ltr' id='par_1_3' title="bbox 0 0 1127 3542">
     <span class='ocr_line' id='line_1_42' title="bbox 0 0 1127 3542; baseline 0 0"><span class='ocrx_word' id='word_1_338' title='bbox 0 0 1127 3542; x_wconf 95' lang='lat' dir='ltr'> </span> 
     </span>
    </p>
   </div>
  </div>
 </body>
</html>
