2242 3542
305 190 375 239 ΠΒ,
393 190 455 250 IIl.‚
472 190 550 238 CAP.
567 189 747 246 xv.-xv11.‚
765 189 779 248 ξ
797 191 886 239 tls-te.
967 193 1011 239 171

172 267 231 340 bat,
242 274 258 301 “
266 274 345 340 quod
357 273 421 325 vitii
434 273 566 327 venditor
579 290 636 325 non
649 272 768 325 dixisset
782 274 879 341 sciens,
889 274 920 326 id
935 290 1014 343 opor*

172 354 232 405 tero
257 353 415 423 praestari‚'’
437 354 607 421 aequitatem
632 352 779 420 Antonius,
801 353 958 421 “quoniam
984 354 1014 406 id

172 431 277 487 vitium
300 434 430 503 ignotum
452 434 549 503 Sergio
575 449 632 485 non
652 432 758 500 fuisset,
777 433 827 501 qui
847 434 911 487 illas
931 436 1015 488 aedes

172 515 355 580 vendidisset,
366 516 438 567 nihil
450 515 534 567 fuisse
549 530 659 567 neeesse
675 513 733 566 dici
748 530 799 566 nec
813 531 880 567 eum
896 532 954 568 esse
968 516 1015 568 de-

173 600 297 667 eeptum,
311 596 360 665 qui
378 597 417 663 id,
429 597 508 665 qued
519 601 632 661 emerat,
646 611 702 663 quo
721 594 779 646 iure
798 602 870 648 esset
884 600 1015 650 teneret.”

170 680 217 732 68.
234 678 358 743 Quorsus
378 678 465 730 haeel
486 677 610 729 utillud
629 676 785 745 intellegas,
802 693 858 728 non
879 678 1015 747 placuisse

172 758 325 811 maioribus
338 758 440 809 nostris
453 764 567 811 astutos.
605 758 695 810 XVIL
713 758 767 809 Sed
781 759 861 810 aliter
875 759 958 827 leges,
968 758 1016 811 ali-

171 844 217 891 ter
229 838 392 908 philosophi
407 840 510 891 tollunt
528 838 659 890 astutias:
679 839 763 907 leges,
774 845 914 905 quatenus
932 856 1015 890 numu

171 927 267 972 tenere
280 926 405 989 possunt,
415 919 588 988 philosophi,
598 925 737 986 quatenns
750 921 856 972 ratione
869 928 898 987 et
910 920 1016 972 intelle-

172 1001 278 1069 gentia.
315 1000 400 1053 Ratio
421 1016 488 1069 crgo
508 1001 564 1052 hoc
581 1001 714 1068 postulat,
729 1017 764 1052 ne
783 1001 855 1068 quid
873 1001 1015 1064 insidiose,

172 1098 210 1133 :ne
230 1082 301 1149 quid
320 1082 455 1149 simmam,
475 1098 509 1134 ns
529 1081 599 1150 quid
618 1081 762 1135 fallaciter.
801 1082 907 1134 Suntne
928 1082 1017 1151 igitur

171 1162 293 1215 insidiae
311 1164 424 1215 tendere
442 1164 550 1233 plagas,
563 1162 651 1216 etiam
667 1164 694 1214 si
712 1163 886 1215 excitaturus
903 1180 961 1215 non
979 1163 1016 1215 sis

101 1306 104 1313 ¹
172 1259 226 1295 nec
253 1244 427 1313 agitaturus?
453 1244 533 1313 ipsae
556 1245 633 1296 euim
653 1243 727 1297 ferae
751 1246 829 1296 nullo
853 1244 1016 1311 insequente

170 1341 256 1395 saepe
283 1326 422 1379 insidunt.
462 1327 509 1377 Sic
533 1332 564 1377 tu
593 1327 677 1377 aedes
703 1326 868 1394 proscribas,
890 1326 1016 1377 tabulam

171 1409 317 1473 tamquam
330 1408 444 1475 plagam
456 1422 553 1475 ponas,
563 1406 680 1457 elomnm
695 1411 810 1474 propter
821 1405 892 1457 vilia
904 1407 1016 1470 vendas,

173 1485 205 1537 in
224 1503 285 1538 eam
303 1487 405 1554 aliquis
423 1487 547 1538 incurrat
562 1486 745 1555 imprudens?
781 1488 824 1537 69.
845 1488 907 1537 Hoc
922 1502 1017 1554 quam-

171 1582 260 1634 quam
272 1567 357 1619 video
371 1572 487 1636 propter
501 1567 729 1635 depravationem
747 1566 958 1619 consuetudinis
973 1584 1017 1619 ne-

172 1663 229 1716 que
243 1663 318 1699 more
328 1652 411 1717 turpe
424 1648 522 1699 haheri
537 1664 629 1715 noque
642 1655 692 1699 aut
704 1649 766 1716 lege
780 1647 881 1699 sarneiri
896 1653 945 1699 aut
957 1648 1017 1700 iure

171 1728 261 1795 civili,
277 1734 371 1783 tamen
389 1735 504 1781 natu-rae
519 1730 582 1798 lege
600 1734 728 1781 sanctum
746 1737 795 1783 est,
834 1729 958 1782 Societas
977 1738 1018 1781 est

172 1809 364 1878 enim-quod
373 1810 425 1862 etsi
435 1827 517 1879 saepe
527 1810 636 1861 dictum
647 1815 695 1877 est,
704 1810 857 1862 dicendum
870 1816 913 1861 est
924 1816 1018 1862 tamen

171 1890 456 1959 saepius—latissime
470 1890 587 1957 quidem
602 1906 674 1957 quae
689 1895 792 1957 pateat,
806 1891 931 1943 omnium
946 1891 1019 1942 inter

171 1986 279 2037 omnes,
290 1970 406 2021 interior
417 1970 578 2036 eorunr‚qui
585 1970 714 2021 eiusdem
726 1970 821 2039 gentis
831 1970 896 2034 sint,
905 1971 1018 2039 propior

172 2050 345 2118 e01·um,qui
365 2049 492 2101 eiusdem
512 2050 645 2103 civitat-is.
683 2051 781 2118 Itaque
804 2050 920 2101 maiores
940 2050 1016 2103 aliud

174 2130 220 2183 ius
241 2131 375 2199 gentium
390 2130 472 2182 aliud
495 2131 538 2182 ius
559 2131 643 2183 civile
663 2147 723 2183 esse
741 2131 898 2183 voluerunt
935 2133 1018 2197 Quod

172 2212 267 2278 civile,
281 2228 337 2263 non
355 2212 430 2263 idern
447 2211 584 2263 contiuuo
600 2211 736 2280 gentium,
748 2211 826 2279 quod
841 2210 934 2264 autem
953 2229 1018 2281 gen-

172 2294 255 2359 tium,
269 2293 345 2345 idem
357 2292 443 2345 civile
456 2308 516 2345 esse
531 2293 625 2346 dehet
662 2293 719 2345 Sed
734 2309 786 2345 nos
800 2292 860 2344 v'eri
876 2292 944 2345 iuris
959 2309 1019 2361 ger-

174 2391 329 2443 manaeque
342 2373 465 2425 institiae
479 2374 601 2426 solidmn
616 2379 645 2425 et
656 2389 813 2442 expressam
824 2372 946 2442 effigiem
959 2376 1019 2425 nnl—
1102 2365 1104 2368 ¹

174 2458 233 2509 lam
245 2462 378 2519 tenemus
390 2456 491 2507 umbra
503 2460 533 2507 et
545 2454 717 2523 imaginibus
729 2454 841 2507 utimur.
877 2456 933 2506 Eas
945 2455 1020 2523 ipsas

172 2538 283 2591 utinam
292 2537 485 2604 sequeremur!
502 2535 630 2587 feruntur
639 2535 717 2587 enim
728 2552 764 2587 ex
777 2535 892 2604 optimis
904 2541 1020 2588 naturae

177 2624 205 2671 et
216 2618 342 2673 veritatis
353 2616 499 2685 exemplis
537 2620 580 2669 te.
598 2618 672 2669 Nam
684 2616 782 2684 quanti
791 2618 876 2669 verba
889 2615 953 2670 illa:
969 2632 1019 2669 urr

174 2712 216 2751 nr:
229 2714 365 2753 rnoernn
381 2714 417 2751 ru
434 2714 568 2750 rrnnuvrr
583 2712 666 2749 rosit
677 2712 788 2751 carrus
803 2712 1020 2750 rnamnrusvn

174 2783 242 2833 srul
262 2797 346 2848 qnam
363 2779 414 2833 illa
431 2796 530 2833 aurea:
551 2794 589 2831 ur
608 2792 699 2830 rnrnra
718 2792 811 2830 aenos
828 2793 908 2830 asnis
928 2794 1019 2830 herma

172 2876 309 2913 oceanea
322 2876 359 2912 nr
372 2876 438 2915 erun
450 2861 679 2913 rainoarrorral
717 2860 772 2911 Sed
782 2859 831 2926 qui
845 2860 901 2910 sint
910 2859 1018 2910 “boni’'

173 2948 205 2999 et
221 2942 294 3008 quid'
303 2940 343 2993 sit
354 2944 371 2969 “
382 2942 452 2993 bene
470 2940 542 3009 agi''
559 2957 662 3009 inagna
681 2940 807 3008 quaestio
826 2948 875 2993 est,
913 2941 946 3005 Q.
960 2939 1019 3006 qui-

174 3024 242 3075 dem
262 3023 402 3089 Scaevola,
418 3021 547 3090 pontifex
568 3020 714 3085 maximus,
730 3037 866 3071 summam
884 3020 942 3073 rim
962 3037 1020 3072 esse

174 3104 289 3156 dicebat
304 3104 333 3155 in
353 3103 483 3155 omnihus
498 3102 534 3154 iis
549 3101 679 3166 arbitriis,
692 3101 722 3152 in
737 3102 840 3168 quihus
854 3102 1019 3153 addereture

174 3199 215 3241 Ex
234 3200 304 3237 sinn
324 3198 411 3251 nens,
426 3182 572 3252 “fideique
592 3182 705 3233 honam*
720 3197 821 3233 nomen
841 3181 1019 3235 existimabat
