<?xml version="1.0" encoding="UTF-8"?>
<!DOCTYPE html PUBLIC "-//W3C//DTD XHTML 1.0 Transitional//EN"
    "http://www.w3.org/TR/xhtml1/DTD/xhtml1-transitional.dtd">
<html xmlns="http://www.w3.org/1999/xhtml" xml:lang="en" lang="en">
 <head>
  <title>
</title>
<meta http-equiv="Content-Type" content="text/html;charset=utf-8" />
  <meta name='ocr-system' content='tesseract 3.04.00' />
  <meta name='ocr-capabilities' content='ocr_page ocr_carea ocr_par ocr_line ocrx_word'/>
</head>
<body>
  <div class='ocr_page' id='page_1' title='image "./catomajorsivede01longgoog_0178.png"; bbox 0 0 2242 3542; ppageno 0'>
   <div class='ocr_carea' id='block_1_1' title="bbox 291 160 989 225">
    <p class='ocr_par' dir='ltr' id='par_1_1' title="bbox 291 160 989 225">
     <span class='ocr_line' id='line_1_1' title="bbox 291 160 989 225; baseline -0.009 -11"><span class='ocrx_word' id='word_1_1' title='bbox 291 166 351 215; x_wconf 82' lang='lat' dir='ltr'><strong>niu</strong></span> <span class='ocrx_word' id='word_1_2' title='bbox 378 165 439 225; x_wconf 69' lang='lat'><strong>111,</strong></span> <span class='ocrx_word' id='word_1_3' title='bbox 454 164 532 213; x_wconf 78' lang='lat' dir='ltr'><strong>oar.</strong></span> <span class='ocrx_word' id='word_1_4' title='bbox 551 163 626 211; x_wconf 85' lang='lat' dir='ltr'><strong>xiv.</strong></span> <span class='ocrx_word' id='word_1_5' title='bbox 643 163 715 223; x_wconf 67' lang='lat' dir='ltr'><strong>xv„</strong></span> <span class='ocrx_word' id='word_1_6' title='bbox 732 160 848 225; x_wconf 75' lang='lat' dir='ltr'><strong>§se-er.</strong></span> <span class='ocrx_word' id='word_1_7' title='bbox 944 162 989 209; x_wconf 84' lang='lat' dir='ltr'><strong>ica</strong></span> 
     </span>
    </p>
   </div>
   <div class='ocr_carea' id='block_1_2' title="bbox 77 244 994 3220">
    <p class='ocr_par' dir='ltr' id='par_1_2' title="bbox 77 244 994 3220">
     <span class='ocr_line' id='line_1_2' title="bbox 150 244 988 319; baseline -0.01 -15"><span class='ocrx_word' id='word_1_8' title='bbox 150 250 332 319; x_wconf 77' lang='lat' dir='ltr'><strong>Reliquorum</strong></span> <span class='ocrx_word' id='word_1_9' title='bbox 341 254 437 301; x_wconf 69' lang='lat' dir='ltr'><strong>’autem</strong></span> <span class='ocrx_word' id='word_1_10' title='bbox 451 246 620 299; x_wconf 90' lang='lat' dir='ltr'><strong>iudiciorum</strong></span> <span class='ocrx_word' id='word_1_11' title='bbox 634 246 703 299; x_wconf 82' lang='lat' dir='ltr'><strong>liaeo</strong></span> <span class='ocrx_word' id='word_1_12' title='bbox 715 246 800 299; x_wconf 84' lang='lat' dir='ltr'><strong>rerba</strong></span> <span class='ocrx_word' id='word_1_13' title='bbox 812 244 932 298; x_wconf 88' lang='lat' dir='ltr'><strong>maxime</strong></span> <span class='ocrx_word' id='word_1_14' title='bbox 945 261 988 297; x_wconf 85' lang='lat' dir='ltr'><strong>ex·</strong></span> 
     </span>
     <span class='ocr_line' id='line_1_3' title="bbox 150 325 990 392; baseline -0.008 -9"><span class='ocrx_word' id='word_1_15' title='bbox 150 333 270 384; x_wconf 89' lang='lat' dir='ltr'><strong>cellunt:</strong></span> <span class='ocrx_word' id='word_1_16' title='bbox 295 330 326 381; x_wconf 87' lang='lat' dir='ltr'><strong>iu</strong></span> <span class='ocrx_word' id='word_1_17' title='bbox 347 328 464 382; x_wconf 85' lang='lat' dir='ltr'><strong>arbitrio</strong></span> <span class='ocrx_word' id='word_1_18' title='bbox 485 327 525 380; x_wconf 91' lang='lat' dir='ltr'><strong>rei</strong></span> <span class='ocrx_word' id='word_1_19' title='bbox 545 326 660 379; x_wconf 84' lang='lat' dir='ltr'><strong>uxoriae</strong></span> <span class='ocrx_word' id='word_1_20' title='bbox 680 341 789 378; x_wconf 75' lang='lat' dir='ltr'><strong>isumus</strong></span> <span class='ocrx_word' id='word_1_21' title='bbox 807 340 943 392; x_wconf 75' lang='lat' dir='ltr'><strong>nuqurus,</strong></span> <span class='ocrx_word' id='word_1_22' title='bbox 961 325 990 376; x_wconf 92' lang='lat' dir='ltr'><strong>iu</strong></span> 
     </span>
     <span class='ocr_line' id='line_1_4' title="bbox 150 406 989 475; baseline -0.007 -10"><span class='ocrx_word' id='word_1_23' title='bbox 150 412 255 465; x_wconf 88' lang='lat' dir='ltr'><strong>fidncia</strong></span> <span class='ocrx_word' id='word_1_24' title='bbox 275 426 314 464; x_wconf 82' lang='lat' dir='ltr'><strong>nr</strong></span> <span class='ocrx_word' id='word_1_25' title='bbox 336 425 428 463; x_wconf 74' lang='lat' dir='ltr'><strong>mann</strong></span> <span class='ocrx_word' id='word_1_26' title='bbox 449 423 543 462; x_wconf 80' lang='lat' dir='ltr'><strong>sonos</strong></span> <span class='ocrx_word' id='word_1_27' title='bbox 567 422 648 459; x_wconf 79' lang='lat' dir='ltr'><strong>anun</strong></span> <span class='ocrx_word' id='word_1_28' title='bbox 669 422 770 459; x_wconf 78' lang='lat' dir='ltr'><strong>asma.</strong></span> <span class='ocrx_word' id='word_1_29' title='bbox 808 406 884 472; x_wconf 80' lang='lat' dir='ltr'><strong>Quid</strong></span> <span class='ocrx_word' id='word_1_30' title='bbox 905 408 989 475; x_wconf 79' lang='lat' dir='ltr'><strong>ergo&#39;i</strong></span> 
     </span>
     <span class='ocr_line' id='line_1_5' title="bbox 151 486 989 557; baseline -0.011 -12"><span class='ocrx_word' id='word_1_31' title='bbox 151 497 199 546; x_wconf 87' lang='lat' dir='ltr'><strong>aut</strong></span> <span class='ocrx_word' id='word_1_32' title='bbox 214 492 244 544; x_wconf 89' lang='lat' dir='ltr'><strong>in</strong></span> <span class='ocrx_word' id='word_1_33' title='bbox 259 508 300 557; x_wconf 84' lang='lat' dir='ltr'><strong>eo,</strong></span> <span class='ocrx_word' id='word_1_34' title='bbox 314 505 393 553; x_wconf 82' lang='lat' dir='ltr'><strong>quon</strong></span> <span class='ocrx_word' id='word_1_35' title='bbox 411 504 520 542; x_wconf 78' lang='lat' dir='ltr'><strong>usurus</strong></span> <span class='ocrx_word' id='word_1_36' title='bbox 539 503 675 553; x_wconf 77' lang='lat' dir='ltr'><strong>auqnms,</strong></span> <span class='ocrx_word' id='word_1_37' title='bbox 689 493 782 556; x_wconf 86' lang='lat' dir='ltr'><strong>potest</strong></span> <span class='ocrx_word' id='word_1_38' title='bbox 797 488 854 551; x_wconf 82' lang='lat' dir='ltr'><strong>ulla</strong></span> <span class='ocrx_word' id='word_1_39' title='bbox 868 503 932 557; x_wconf 87' lang='lat' dir='ltr'><strong>pars</strong></span> <span class='ocrx_word' id='word_1_40' title='bbox 950 486 989 537; x_wconf 90' lang='lat' dir='ltr'><strong>in-</strong></span> 
     </span>
     <span class='ocr_line' id='line_1_6' title="bbox 150 568 990 637; baseline -0.01 -11"><span class='ocrx_word' id='word_1_41' title='bbox 150 590 208 626; x_wconf 83' lang='lat' dir='ltr'>esse</span> <span class='ocrx_word' id='word_1_42' title='bbox 221 572 346 625; x_wconf 69' lang='lat' dir='ltr'><strong>fraudis?</strong></span> <span class='ocrx_word' id='word_1_43' title='bbox 366 576 422 637; x_wconf 88' lang='lat' dir='ltr'><strong>aut,</strong></span> <span class='ocrx_word' id='word_1_44' title='bbox 433 586 498 623; x_wconf 88' lang='lat' dir='ltr'><strong>cum</strong></span> <span class='ocrx_word' id='word_1_45' title='bbox 510 568 616 621; x_wconf 88' lang='lat' dir='ltr'><strong>dicitur</strong></span> <span class='ocrx_word' id='word_1_46' title='bbox 630 583 722 620; x_wconf 74' lang='lat' dir='ltr'><strong>mann</strong></span> <span class='ocrx_word' id='word_1_47' title='bbox 734 583 827 620; x_wconf 79' lang='lat' dir='ltr'><strong>Bonos</strong></span> <span class='ocrx_word' id='word_1_48' title='bbox 839 583 919 620; x_wconf 81' lang='lat' dir='ltr'><strong>nunu</strong></span> <span class='ocrx_word' id='word_1_49' title='bbox 930 582 990 619; x_wconf 78' lang='lat' dir='ltr'><strong>aar·</strong></span> 
     </span>
     <span class='ocr_line' id='line_1_7' title="bbox 150 650 990 721; baseline -0.008 -15"><span class='ocrx_word' id='word_1_50' title='bbox 150 669 199 721; x_wconf 78' lang='lat' dir='ltr'><strong>uu,</strong></span> <span class='ocrx_word' id='word_1_51' title='bbox 210 654 366 721; x_wconf 84' lang='lat' dir='ltr'><strong>quidquam</strong></span> <span class='ocrx_word' id='word_1_52' title='bbox 379 650 425 721; x_wconf 87' lang='lat' dir='ltr'><strong>agi</strong></span> <span class='ocrx_word' id='word_1_53' title='bbox 440 652 536 703; x_wconf 89' lang='lat' dir='ltr'><strong>dolose</strong></span> <span class='ocrx_word' id='word_1_54' title='bbox 549 658 599 703; x_wconf 83' lang='lat' dir='ltr'><strong>aut</strong></span> <span class='ocrx_word' id='word_1_55' title='bbox 611 650 749 701; x_wconf 82' lang='lat' dir='ltr'>malitiose</span> <span class='ocrx_word' id='word_1_56' title='bbox 759 651 870 719; x_wconf 79' lang='lat' dir='ltr'><strong>potestl</strong></span> <span class='ocrx_word' id='word_1_57' title='bbox 903 650 990 700; x_wconf 80' lang='lat' dir='ltr'><strong>Dolus</strong></span> 
     </span>
     <span class='ocr_line' id='line_1_8' title="bbox 149 729 991 799; baseline -0.01 -12"><span class='ocrx_word' id='word_1_58' title='bbox 149 740 242 787; x_wconf 89' lang='lat' dir='ltr'><strong>autem</strong></span> <span class='ocrx_word' id='word_1_59' title='bbox 261 735 350 786; x_wconf 88' lang='lat' dir='ltr'><strong>malus</strong></span> <span class='ocrx_word' id='word_1_60' title='bbox 368 733 398 784; x_wconf 92' lang='lat' dir='ltr'><strong>in</strong></span> <span class='ocrx_word' id='word_1_61' title='bbox 416 731 603 799; x_wconf 76' lang='lat' dir='ltr'><strong>simulatione,</strong></span> <span class='ocrx_word' id='word_1_62' title='bbox 616 736 648 783; x_wconf 91' lang='lat' dir='ltr'><strong>ut</strong></span> <span class='ocrx_word' id='word_1_63' title='bbox 664 730 704 783; x_wconf 92' lang='lat' dir='ltr'><strong>ait</strong></span> <span class='ocrx_word' id='word_1_64' title='bbox 718 730 856 798; x_wconf 77' lang='lat' dir='ltr'><strong>AquiliuS,</strong></span> <span class='ocrx_word' id='word_1_65' title='bbox 870 729 991 782; x_wconf 87' lang='lat' dir='ltr'><strong>contine-</strong></span> 
     </span>
     <span class='ocr_line' id='line_1_9' title="bbox 150 810 992 881; baseline -0.008 -14"><span class='ocrx_word' id='word_1_66' title='bbox 150 821 202 869; x_wconf 89' lang='lat' dir='ltr'><strong>tur.</strong></span> <span class='ocrx_word' id='word_1_67' title='bbox 247 815 418 867; x_wconf 81' lang='lat' dir='ltr'><strong>Tollendum</strong></span> <span class='ocrx_word' id='word_1_68' title='bbox 444 818 486 866; x_wconf 88' lang='lat' dir='ltr'><strong>est</strong></span> <span class='ocrx_word' id='word_1_69' title='bbox 510 812 599 881; x_wconf 86' lang='lat' dir='ltr'><strong>igitur</strong></span> <span class='ocrx_word' id='word_1_70' title='bbox 625 828 660 864; x_wconf 83' lang='lat' dir='ltr'><strong>ex</strong></span> <span class='ocrx_word' id='word_1_71' title='bbox 684 812 767 863; x_wconf 90' lang='lat' dir='ltr'><strong>rebus</strong></span> <span class='ocrx_word' id='word_1_72' title='bbox 795 810 992 863; x_wconf 85' lang='lat' dir='ltr'><strong>contrahendis</strong></span> 
     </span>
     <span class='ocr_line' id='line_1_10' title="bbox 149 891 992 958; baseline -0.002 -14"><span class='ocrx_word' id='word_1_73' title='bbox 149 912 231 947; x_wconf 88' lang='lat' dir='ltr'><strong>omne</strong></span> <span class='ocrx_word' id='word_1_74' title='bbox 256 894 441 947; x_wconf 85' lang='lat' dir='ltr'><strong>mendacium.</strong></span> <span class='ocrx_word' id='word_1_75' title='bbox 478 893 545 945; x_wconf 89' lang='lat' dir='ltr'><strong>Non</strong></span> <span class='ocrx_word' id='word_1_76' title='bbox 568 892 756 944; x_wconf 82' lang='lat' dir='ltr'><strong>illicitatorem</strong></span> <span class='ocrx_word' id='word_1_77' title='bbox 778 891 916 958; x_wconf 85' lang='lat' dir='ltr'><strong>venditor,</strong></span> <span class='ocrx_word' id='word_1_78' title='bbox 935 907 992 942; x_wconf 89' lang='lat' dir='ltr'><strong>non</strong></span> 
     </span>
     <span class='ocr_line' id='line_1_11' title="bbox 150 972 991 1042; baseline -0.004 -16"><span class='ocrx_word' id='word_1_79' title='bbox 150 974 199 1042; x_wconf 91' lang='lat' dir='ltr'><strong>qui</strong></span> <span class='ocrx_word' id='word_1_80' title='bbox 212 980 308 1027; x_wconf 87' lang='lat' dir='ltr'><strong>contra</strong></span> <span class='ocrx_word' id='word_1_81' title='bbox 321 991 349 1027; x_wconf 88' lang='lat' dir='ltr'><strong>se</strong></span> <span class='ocrx_word' id='word_1_82' title='bbox 360 974 477 1026; x_wconf 76' lang='lat' dir='ltr'><strong>licentur</strong></span> <span class='ocrx_word' id='word_1_83' title='bbox 488 981 599 1042; x_wconf 84' lang='lat' dir='ltr'><strong>emptor</strong></span> <span class='ocrx_word' id='word_1_84' title='bbox 610 977 741 1042; x_wconf 89' lang='lat' dir='ltr'><strong>apponet.</strong></span> <span class='ocrx_word' id='word_1_85' title='bbox 779 974 910 1040; x_wconf 84' lang='lat' dir='ltr'><strong>Uterque,</strong></span> <span class='ocrx_word' id='word_1_86' title='bbox 919 972 943 1025; x_wconf 87' lang='lat' dir='ltr'><strong>si</strong></span> <span class='ocrx_word' id='word_1_87' title='bbox 955 972 991 1025; x_wconf 89' lang='lat' dir='ltr'><strong>ad</strong></span> 
     </span>
     <span class='ocr_line' id='line_1_12' title="bbox 150 1054 991 1123; baseline 0 -17"><span class='ocrx_word' id='word_1_88' title='bbox 150 1054 470 1123; x_wconf 16' lang='lat' dir='ltr'><strong>eloquendumuvenerit,</strong></span> <span class='ocrx_word' id='word_1_89' title='bbox 484 1071 541 1107; x_wconf 91' lang='lat' dir='ltr'><strong>uon</strong></span> <span class='ocrx_word' id='word_1_90' title='bbox 555 1055 621 1123; x_wconf 91' lang='lat' dir='ltr'><strong>plus</strong></span> <span class='ocrx_word' id='word_1_91' title='bbox 636 1070 720 1121; x_wconf 84' lang='lat' dir='ltr'><strong>quam</strong></span> <span class='ocrx_word' id='word_1_92' title='bbox 738 1054 823 1107; x_wconf 85' lang='lat' dir='ltr'><strong>semel</strong></span> <span class='ocrx_word' id='word_1_93' title='bbox 838 1054 991 1121; x_wconf 89' lang='lat' dir='ltr'><strong>eloquetur.</strong></span> 
     </span>
     <span class='ocr_line' id='line_1_13' title="bbox 151 1134 992 1203; baseline -0.002 -16"><span class='ocrx_word' id='word_1_94' title='bbox 151 1137 192 1188; x_wconf 82' lang='lat'><strong>62.</strong></span> <span class='ocrx_word' id='word_1_95' title='bbox 213 1136 245 1201; x_wconf 77' lang='lat' dir='ltr'><strong>Q.</strong></span> <span class='ocrx_word' id='word_1_96' title='bbox 260 1135 373 1203; x_wconf 91' lang='lat' dir='ltr'><strong>quidem</strong></span> <span class='ocrx_word' id='word_1_97' title='bbox 390 1136 523 1189; x_wconf 81' lang='lat' dir='ltr'><strong>Scaevola</strong></span> <span class='ocrx_word' id='word_1_98' title='bbox 538 1137 569 1189; x_wconf 80' lang='grc' dir='ltr'><strong>Ρ,</strong></span> <span class='ocrx_word' id='word_1_99' title='bbox 582 1136 623 1201; x_wconf 72' lang='lat' dir='ltr'><strong>F,</strong></span> <span class='ocrx_word' id='word_1_100' title='bbox 633 1151 696 1187; x_wconf 91' lang='lat' dir='ltr'><strong>cum</strong></span> <span class='ocrx_word' id='word_1_101' title='bbox 711 1136 880 1203; x_wconf 86' lang='lat' dir='ltr'><strong>postulasset</strong></span> <span class='ocrx_word' id='word_1_102' title='bbox 892 1140 923 1187; x_wconf 91' lang='lat' dir='ltr'><strong>ut</strong></span> <span class='ocrx_word' id='word_1_103' title='bbox 938 1134 992 1187; x_wconf 88' lang='lat' dir='ltr'><strong>sibi</strong></span> 
     </span>
     <span class='ocr_line' id='line_1_14' title="bbox 150 1215 993 1285; baseline 0 -18"><span class='ocrx_word' id='word_1_104' title='bbox 150 1215 262 1284; x_wconf 87' lang='lat' dir='ltr'><strong>fundus,</strong></span> <span class='ocrx_word' id='word_1_105' title='bbox 282 1216 361 1269; x_wconf 90' lang='lat' dir='ltr'><strong>cuius</strong></span> <span class='ocrx_word' id='word_1_106' title='bbox 386 1221 495 1285; x_wconf 90' lang='lat' dir='ltr'><strong>emptor</strong></span> <span class='ocrx_word' id='word_1_107' title='bbox 519 1222 585 1283; x_wconf 89' lang='lat' dir='ltr'><strong>emt,</strong></span> <span class='ocrx_word' id='word_1_108' title='bbox 605 1218 690 1269; x_wconf 83' lang='lat' dir='ltr'><strong>semel</strong></span> <span class='ocrx_word' id='word_1_109' title='bbox 714 1216 884 1269; x_wconf 89' lang='lat' dir='ltr'><strong>indicaretur</strong></span> <span class='ocrx_word' id='word_1_110' title='bbox 906 1216 993 1283; x_wconf 91' lang='lat' dir='ltr'><strong>idque</strong></span> 
     </span>
     <span class='ocr_line' id='line_1_15' title="bbox 150 1292 993 1365; baseline -0.001 -17"><span class='ocrx_word' id='word_1_111' title='bbox 150 1292 281 1350; x_wconf 83' lang='lat' dir='ltr'><strong>venditor</strong></span> <span class='ocrx_word' id='word_1_112' title='bbox 293 1297 333 1351; x_wconf 87' lang='lat' dir='ltr'><strong>ita</strong></span> <span class='ocrx_word' id='word_1_113' title='bbox 346 1296 464 1365; x_wconf 82' lang='lat' dir='ltr'><strong>fecisset,</strong></span> <span class='ocrx_word' id='word_1_114' title='bbox 473 1297 548 1350; x_wconf 83' lang='lat' dir='ltr'><strong>dixit</strong></span> <span class='ocrx_word' id='word_1_115' title='bbox 560 1313 589 1349; x_wconf 87' lang='lat' dir='ltr'><strong>se</strong></span> <span class='ocrx_word' id='word_1_116' title='bbox 598 1296 688 1365; x_wconf 85' lang='lat' dir='ltr'><strong>plun‘s</strong></span> <span class='ocrx_word' id='word_1_117' title='bbox 700 1297 859 1350; x_wconf 88' lang='lat' dir='ltr'><strong>aestimare:</strong></span> <span class='ocrx_word' id='word_1_118' title='bbox 879 1296 993 1348; x_wconf 90' lang='lat' dir='ltr'><strong>addidit</strong></span> 
     </span>
     <span class='ocr_line' id='line_1_16' title="bbox 150 1376 993 1444; baseline -0.002 -13"><span class='ocrx_word' id='word_1_119' title='bbox 150 1384 262 1431; x_wconf 86' lang='lat' dir='ltr'><strong>centum</strong></span> <span class='ocrx_word' id='word_1_120' title='bbox 277 1378 363 1431; x_wconf 92' lang='lat' dir='ltr'><strong>milia.</strong></span> <span class='ocrx_word' id='word_1_121' title='bbox 387 1379 492 1435; x_wconf 59' lang='lat' dir='ltr'><strong>,Nemo</strong></span> <span class='ocrx_word' id='word_1_122' title='bbox 508 1378 612 1444; x_wconf 90' lang='lat' dir='ltr'><strong>estqui</strong></span> <span class='ocrx_word' id='word_1_123' title='bbox 627 1378 681 1429; x_wconf 91' lang='lat' dir='ltr'><strong>hoc</strong></span> <span class='ocrx_word' id='word_1_124' title='bbox 696 1377 751 1428; x_wconf 86' lang='lat' dir='ltr'><strong>viri</strong></span> <span class='ocrx_word' id='word_1_125' title='bbox 765 1378 833 1430; x_wconf 87' lang='lat' dir='ltr'><strong>boni</strong></span> <span class='ocrx_word' id='word_1_126' title='bbox 847 1376 931 1429; x_wconf 85' lang='lat' dir='ltr'><strong>fuisse</strong></span> <span class='ocrx_word' id='word_1_127' title='bbox 946 1394 993 1429; x_wconf 91' lang='lat' dir='ltr'><strong>ne-</strong></span> 
     </span>
     <span class='ocr_line' id='line_1_17' title="bbox 150 1456 993 1527; baseline -0.001 -16"><span class='ocrx_word' id='word_1_128' title='bbox 150 1464 206 1526; x_wconf 82' lang='lat' dir='ltr'><strong>get,</strong></span> <span class='ocrx_word' id='word_1_129' title='bbox 226 1459 360 1527; x_wconf 86' lang='lat' dir='ltr'><strong>sapientis</strong></span> <span class='ocrx_word' id='word_1_130' title='bbox 381 1464 493 1527; x_wconf 86' lang='lat' dir='ltr'><strong>negant,</strong></span> <span class='ocrx_word' id='word_1_131' title='bbox 513 1463 545 1509; x_wconf 92' lang='lat' dir='ltr'><strong>ut</strong></span> <span class='ocrx_word' id='word_1_132' title='bbox 568 1458 592 1509; x_wconf 91' lang='lat' dir='ltr'><strong>si</strong></span> <span class='ocrx_word' id='word_1_133' title='bbox 615 1456 731 1509; x_wconf 89' lang='lat' dir='ltr'><strong>minoris</strong></span> <span class='ocrx_word' id='word_1_134' title='bbox 752 1474 835 1526; x_wconf 86' lang='lat' dir='ltr'><strong>quam</strong></span> <span class='ocrx_word' id='word_1_135' title='bbox 856 1458 993 1527; x_wconf 89' lang='lat' dir='ltr'><strong>potuisset</strong></span> 
     </span>
     <span class='ocr_line' id='line_1_18' title="bbox 150 1538 993 1608; baseline 0.001 -16"><span class='ocrx_word' id='word_1_136' title='bbox 150 1539 331 1592; x_wconf 83' lang='lat' dir='ltr'><strong>vendidisset.</strong></span> <span class='ocrx_word' id='word_1_137' title='bbox 369 1540 446 1592; x_wconf 86' lang='lat' dir='ltr'><strong>Haec</strong></span> <span class='ocrx_word' id='word_1_138' title='bbox 460 1538 549 1608; x_wconf 87' lang='lat' dir='ltr'><strong>igitur</strong></span> <span class='ocrx_word' id='word_1_139' title='bbox 564 1544 605 1591; x_wconf 89' lang='lat' dir='ltr'><strong>est</strong></span> <span class='ocrx_word' id='word_1_140' title='bbox 616 1538 666 1591; x_wconf 88' lang='lat' dir='ltr'><strong>illa</strong></span> <span class='ocrx_word' id='word_1_141' title='bbox 678 1539 820 1608; x_wconf 85' lang='lat' dir='ltr'><strong>pernicies,</strong></span> <span class='ocrx_word' id='word_1_142' title='bbox 831 1541 909 1608; x_wconf 91' lang='lat' dir='ltr'><strong>quod</strong></span> <span class='ocrx_word' id='word_1_143' title='bbox 923 1540 993 1593; x_wconf 87' lang='lat' dir='ltr'><strong>alios</strong></span> 
     </span>
     <span class='ocr_line' id='line_1_19' title="bbox 150 1618 992 1689; baseline 0.004 -18"><span class='ocrx_word' id='word_1_144' title='bbox 150 1620 248 1687; x_wconf 92' lang='lat' dir='ltr'><strong>bonos,</strong></span> <span class='ocrx_word' id='word_1_145' title='bbox 268 1620 337 1673; x_wconf 89' lang='lat' dir='ltr'><strong>alios</strong></span> <span class='ocrx_word' id='word_1_146' title='bbox 360 1620 499 1689; x_wconf 88' lang='lat' dir='ltr'><strong>sapientes</strong></span> <span class='ocrx_word' id='word_1_147' title='bbox 523 1618 692 1673; x_wconf 87' lang='lat' dir='ltr'><strong>existimant.</strong></span> <span class='ocrx_word' id='word_1_148' title='bbox 729 1620 773 1671; x_wconf 83' lang='lat' dir='ltr'><strong>Ex</strong></span> <span class='ocrx_word' id='word_1_149' title='bbox 794 1636 849 1689; x_wconf 91' lang='lat' dir='ltr'><strong>quo</strong></span> <span class='ocrx_word' id='word_1_150' title='bbox 870 1622 992 1675; x_wconf 86' lang='lat' dir='ltr'><strong>Ennius:</strong></span> 
     </span>
     <span class='ocr_line' id='line_1_20' title="bbox 151 1700 993 1772; baseline 0.004 -19"><span class='ocrx_word' id='word_1_151' title='bbox 151 1700 367 1769; x_wconf 88' lang='lat' dir='ltr'><strong>“nequidquam</strong></span> <span class='ocrx_word' id='word_1_152' title='bbox 381 1718 476 1770; x_wconf 89' lang='lat' dir='ltr'><strong>sapere</strong></span> <span class='ocrx_word' id='word_1_153' title='bbox 489 1700 651 1770; x_wconf 88' lang='lat' dir='ltr'><strong>sapientem,</strong></span> <span class='ocrx_word' id='word_1_154' title='bbox 661 1700 710 1769; x_wconf 92' lang='lat' dir='ltr'><strong>qui</strong></span> <span class='ocrx_word' id='word_1_155' title='bbox 722 1701 782 1769; x_wconf 90' lang='lat' dir='ltr'><strong>ipse</strong></span> <span class='ocrx_word' id='word_1_156' title='bbox 795 1701 850 1753; x_wconf 88' lang='lat' dir='ltr'><strong>sibi</strong></span> <span class='ocrx_word' id='word_1_157' title='bbox 862 1704 993 1772; x_wconf 88' lang='lat' dir='ltr'><strong>prodesse</strong></span> 
     </span>
     <span class='ocr_line' id='line_1_21' title="bbox 150 1777 992 1853; baseline 0.006 -21"><span class='ocrx_word' id='word_1_158' title='bbox 150 1798 207 1833; x_wconf 89' lang='lat' dir='ltr'><strong>uon</strong></span> <span class='ocrx_word' id='word_1_159' title='bbox 226 1782 344 1849; x_wconf 81' lang='lat' dir='ltr'><strong>quiret.”</strong></span> <span class='ocrx_word' id='word_1_160' title='bbox 382 1777 452 1835; x_wconf 85' lang='lat' dir='ltr'><strong>Vere</strong></span> <span class='ocrx_word' id='word_1_161' title='bbox 471 1782 503 1833; x_wconf 92' lang='lat' dir='ltr'><strong>id</strong></span> <span class='ocrx_word' id='word_1_162' title='bbox 523 1781 645 1849; x_wconf 91' lang='lat' dir='ltr'><strong>quidem,</strong></span> <span class='ocrx_word' id='word_1_163' title='bbox 662 1782 686 1833; x_wconf 91' lang='lat' dir='ltr'><strong>si</strong></span> <span class='ocrx_word' id='word_1_164' title='bbox 706 1782 776 1850; x_wconf 87' lang='lat' dir='ltr'><strong>quid</strong></span> <span class='ocrx_word' id='word_1_165' title='bbox 796 1789 867 1835; x_wconf 87' lang='lat' dir='ltr'><strong>esset</strong></span> <span class='ocrx_word' id='word_1_166' title='bbox 885 1786 992 1853; x_wconf 74' lang='lat' dir='ltr'><strong>“proel-</strong></span> 
     </span>
     <span class='ocr_line' id='line_1_22' title="bbox 151 1861 992 1917; baseline 0.006 -5"><span class='ocrx_word' id='word_1_167' title='bbox 151 1864 232 1913; x_wconf 85' lang='lat' dir='ltr'><strong>esse”</strong></span> <span class='ocrx_word' id='word_1_168' title='bbox 251 1862 320 1913; x_wconf 91' lang='lat' dir='ltr'><strong>mihi</strong></span> <span class='ocrx_word' id='word_1_169' title='bbox 343 1878 406 1913; x_wconf 88' lang='lat' dir='ltr'><strong>cum</strong></span> <span class='ocrx_word' id='word_1_170' title='bbox 427 1862 520 1913; x_wconf 80' lang='lat' dir='ltr'><strong>Ennio</strong></span> <span class='ocrx_word' id='word_1_171' title='bbox 545 1861 714 1915; x_wconf 85' lang='lat' dir='ltr'><strong>conveniret.</strong></span> <span class='ocrx_word' id='word_1_172' title='bbox 752 1866 794 1915; x_wconf 85' lang='grc'><strong>63.</strong></span> <span class='ocrx_word' id='word_1_173' title='bbox 820 1865 992 1917; x_wconf 84' lang='lat' dir='ltr'><strong>Hecatonem</strong></span> 
     </span>
     <span class='ocr_line' id='line_1_23' title="bbox 151 1932 993 2010; baseline 0.005 -17"><span class='ocrx_word' id='word_1_174' title='bbox 151 1940 266 2008; x_wconf 89' lang='lat' dir='ltr'><strong>quidem</strong></span> <span class='ocrx_word' id='word_1_175' title='bbox 279 1942 432 2008; x_wconf 85' lang='lat' dir='ltr'><strong>Rhodium,</strong></span> <span class='ocrx_word' id='word_1_176' title='bbox 444 1941 612 2010; x_wconf 89' lang='lat' dir='ltr'><strong>discipulum</strong></span> <span class='ocrx_word' id='word_1_177' title='bbox 625 1941 761 2008; x_wconf 85' lang='lat' dir='ltr'><strong>Panaetii,</strong></span> <span class='ocrx_word' id='word_1_178' title='bbox 769 1932 855 1994; x_wconf 72' lang='lat' dir='ltr'><strong>uideo</strong></span> <span class='ocrx_word' id='word_1_179' title='bbox 870 1944 899 1995; x_wconf 93' lang='lat' dir='ltr'><strong>in</strong></span> <span class='ocrx_word' id='word_1_180' title='bbox 914 1945 949 1996; x_wconf 92' lang='lat' dir='ltr'><strong>iis</strong></span> <span class='ocrx_word' id='word_1_181' title='bbox 962 1946 993 1997; x_wconf 94' lang='lat' dir='ltr'><strong>li-</strong></span> 
     </span>
     <span class='ocr_line' id='line_1_24' title="bbox 77 2011 993 2089; baseline 0.005 -16"><span class='ocrx_word' id='word_1_182' title='bbox 77 2037 80 2044; x_wconf 92' lang='lat'>·</span> <span class='ocrx_word' id='word_1_183' title='bbox 150 2021 217 2085; x_wconf 79' lang='lat' dir='ltr'><strong>brie,</strong></span> <span class='ocrx_word' id='word_1_184' title='bbox 232 2038 301 2089; x_wconf 89' lang='lat' dir='ltr'><strong>quos</strong></span> <span class='ocrx_word' id='word_1_185' title='bbox 314 2022 350 2073; x_wconf 89' lang='lat' dir='ltr'><strong>de</strong></span> <span class='ocrx_word' id='word_1_186' title='bbox 369 2021 467 2073; x_wconf 87' lang='lat' dir='ltr'><strong>officiis</strong></span> <span class='ocrx_word' id='word_1_187' title='bbox 485 2021 605 2089; x_wconf 86' lang='lat' dir='ltr'><strong>scripsit,</strong></span> <span class='ocrx_word' id='word_1_188' title='bbox 619 2021 651 2087; x_wconf 77' lang='lat' dir='ltr'><strong>Q.</strong></span> <span class='ocrx_word' id='word_1_189' title='bbox 665 2011 806 2073; x_wconf 82' lang='lat' dir='ltr'><strong>Tuberoni</strong></span> <span class='ocrx_word' id='word_1_190' title='bbox 823 2024 915 2076; x_wconf 87' lang='lat' dir='ltr'><strong>dicere</strong></span> <span class='ocrx_word' id='word_1_191' title='bbox 929 2030 993 2078; x_wconf 82' lang='lat' dir='ltr'><strong>“sa-</strong></span> 
     </span>
     <span class='ocr_line' id='line_1_25' title="bbox 151 2101 994 2171; baseline 0.006 -18"><span class='ocrx_word' id='word_1_192' title='bbox 151 2102 254 2171; x_wconf 89' lang='lat' dir='ltr'><strong>pientis</strong></span> <span class='ocrx_word' id='word_1_193' title='bbox 270 2118 326 2154; x_wconf 89' lang='lat' dir='ltr'><strong>esse</strong></span> <span class='ocrx_word' id='word_1_194' title='bbox 345 2101 417 2153; x_wconf 88' lang='lat' dir='ltr'><strong>nihil</strong></span> <span class='ocrx_word' id='word_1_195' title='bbox 432 2108 528 2153; x_wconf 83' lang='lat' dir='ltr'><strong>contra</strong></span> <span class='ocrx_word' id='word_1_196' title='bbox 544 2118 641 2167; x_wconf 80' lang='lat' dir='ltr'><strong>morea,</strong></span> <span class='ocrx_word' id='word_1_197' title='bbox 652 2102 735 2170; x_wconf 88' lang='lat' dir='ltr'><strong>leges,</strong></span> <span class='ocrx_word' id='word_1_198' title='bbox 748 2101 878 2157; x_wconf 87' lang='lat' dir='ltr'><strong>instituta</strong></span> <span class='ocrx_word' id='word_1_199' title='bbox 891 2105 994 2158; x_wconf 84' lang='lat' dir='ltr'><strong>facien·</strong></span> 
     </span>
     <span class='ocr_line' id='line_1_26' title="bbox 150 2180 994 2251; baseline 0.005 -16"><span class='ocrx_word' id='word_1_200' title='bbox 150 2190 207 2235; x_wconf 86' lang='lat' dir='ltr'><strong>tem</strong></span> <span class='ocrx_word' id='word_1_201' title='bbox 222 2182 324 2234; x_wconf 87' lang='lat' dir='ltr'><strong>habere</strong></span> <span class='ocrx_word' id='word_1_202' title='bbox 340 2182 478 2234; x_wconf 85' lang='lat' dir='ltr'><strong>rationem</strong></span> <span class='ocrx_word' id='word_1_203' title='bbox 497 2180 536 2233; x_wconf 91' lang='lat' dir='ltr'><strong>rei</strong></span> <span class='ocrx_word' id='word_1_204' title='bbox 551 2180 704 2235; x_wconf 84' lang='lat' dir='ltr'><strong>familiaris.</strong></span> <span class='ocrx_word' id='word_1_205' title='bbox 743 2183 840 2251; x_wconf 89' lang='lat' dir='ltr'><strong>Neque</strong></span> <span class='ocrx_word' id='word_1_206' title='bbox 860 2184 933 2237; x_wconf 88' lang='lat' dir='ltr'><strong>enirn</strong></span> <span class='ocrx_word' id='word_1_207' title='bbox 952 2204 994 2239; x_wconf 89' lang='lat' dir='ltr'><strong>so·</strong></span> 
     </span>
     <span class='ocr_line' id='line_1_27' title="bbox 150 2261 993 2336; baseline 0.005 -21"><span class='ocrx_word' id='word_1_208' title='bbox 150 2263 208 2315; x_wconf 90' lang='lat' dir='ltr'><strong>lum</strong></span> <span class='ocrx_word' id='word_1_209' title='bbox 222 2263 303 2314; x_wconf 88' lang='lat' dir='ltr'><strong>uobis</strong></span> <span class='ocrx_word' id='word_1_210' title='bbox 317 2261 419 2314; x_wconf 90' lang='lat' dir='ltr'><strong>divites</strong></span> <span class='ocrx_word' id='word_1_211' title='bbox 432 2278 490 2314; x_wconf 84' lang='lat' dir='ltr'><strong>esse</strong></span> <span class='ocrx_word' id='word_1_212' title='bbox 502 2262 639 2329; x_wconf 76' lang='lat' dir='ltr'><strong>volumno,</strong></span> <span class='ocrx_word' id='word_1_213' title='bbox 649 2263 699 2314; x_wconf 92' lang='lat' dir='ltr'><strong>sed</strong></span> <span class='ocrx_word' id='word_1_214' title='bbox 709 2262 811 2331; x_wconf 84' lang='lat' dir='ltr'><strong>liberis,</strong></span> <span class='ocrx_word' id='word_1_215' title='bbox 820 2265 993 2336; x_wconf 90' lang='lat' dir='ltr'><strong>propinquis,</strong></span> 
     </span>
     <span class='ocr_line' id='line_1_28' title="bbox 150 2342 992 2412; baseline 0.006 -17"><span class='ocrx_word' id='word_1_216' title='bbox 150 2343 246 2396; x_wconf 84' lang='lat' dir='ltr'><strong>amicis</strong></span> <span class='ocrx_word' id='word_1_217' title='bbox 259 2342 434 2411; x_wconf 83' lang='lat' dir='ltr'><strong>maximeque</strong></span> <span class='ocrx_word' id='word_1_218' title='bbox 447 2342 487 2395; x_wconf 88' lang='lat' dir='ltr'><strong>rei</strong></span> <span class='ocrx_word' id='word_1_219' title='bbox 497 2342 637 2411; x_wconf 88' lang='lat' dir='ltr'><strong>publicae.</strong></span> <span class='ocrx_word' id='word_1_220' title='bbox 676 2343 855 2412; x_wconf 79' lang='lat' dir='ltr'><strong>Singulorum</strong></span> <span class='ocrx_word' id='word_1_221' title='bbox 869 2346 942 2400; x_wconf 86' lang='lat' dir='ltr'><strong>enim</strong></span> <span class='ocrx_word' id='word_1_222' title='bbox 955 2347 992 2400; x_wconf 89' lang='lat' dir='ltr'><strong>fa·</strong></span> 
     </span>
     <span class='ocr_line' id='line_1_29' title="bbox 150 2422 993 2492; baseline 0.007 -16"><span class='ocrx_word' id='word_1_223' title='bbox 150 2426 269 2477; x_wconf 85' lang='lat' dir='ltr'><strong>cultates</strong></span> <span class='ocrx_word' id='word_1_224' title='bbox 280 2429 309 2476; x_wconf 89' lang='lat' dir='ltr'><strong>et</strong></span> <span class='ocrx_word' id='word_1_225' title='bbox 321 2423 419 2492; x_wconf 90' lang='lat' dir='ltr'><strong>copiae</strong></span> <span class='ocrx_word' id='word_1_226' title='bbox 433 2422 550 2475; x_wconf 88' lang='lat' dir='ltr'><strong>divitiae</strong></span> <span class='ocrx_word' id='word_1_227' title='bbox 564 2430 629 2475; x_wconf 90' lang='lat' dir='ltr'><strong>sunt</strong></span> <span class='ocrx_word' id='word_1_228' title='bbox 642 2423 790 2477; x_wconf 86' lang='lat' dir='ltr'><strong>civitatis.”</strong></span> <span class='ocrx_word' id='word_1_229' title='bbox 827 2426 902 2480; x_wconf 90' lang='lat' dir='ltr'><strong>Huic</strong></span> <span class='ocrx_word' id='word_1_230' title='bbox 915 2428 993 2481; x_wconf 83' lang='lat' dir='ltr'><strong>Scae-</strong></span> 
     </span>
     <span class='ocr_line' id='line_1_30' title="bbox 150 2504 993 2574; baseline 0.006 -17"><span class='ocrx_word' id='word_1_231' title='bbox 150 2507 229 2558; x_wconf 88' lang='lat' dir='ltr'><strong>volae</strong></span> <span class='ocrx_word' id='word_1_232' title='bbox 248 2505 362 2572; x_wconf 83' lang='lat' dir='ltr'><strong>iactum,</strong></span> <span class='ocrx_word' id='word_1_233' title='bbox 377 2504 412 2556; x_wconf 89' lang='lat' dir='ltr'><strong>de</strong></span> <span class='ocrx_word' id='word_1_234' title='bbox 428 2519 484 2572; x_wconf 92' lang='lat' dir='ltr'><strong>quo</strong></span> <span class='ocrx_word' id='word_1_235' title='bbox 502 2504 600 2573; x_wconf 90' lang='lat' dir='ltr'><strong>paullo</strong></span> <span class='ocrx_word' id='word_1_236' title='bbox 619 2511 684 2557; x_wconf 87' lang='lat' dir='ltr'><strong>ante</strong></span> <span class='ocrx_word' id='word_1_237' title='bbox 702 2504 771 2573; x_wconf 80' lang='lat' dir='ltr'><strong>dixi,</strong></span> <span class='ocrx_word' id='word_1_238' title='bbox 787 2506 896 2574; x_wconf 90' lang='lat' dir='ltr'><strong>placere</strong></span> <span class='ocrx_word' id='word_1_239' title='bbox 915 2510 993 2562; x_wconf 88' lang='lat' dir='ltr'><strong>nullo</strong></span> 
     </span>
     <span class='ocr_line' id='line_1_31' title="bbox 150 2584 993 2657; baseline 0.006 -19"><span class='ocrx_word' id='word_1_240' title='bbox 150 2587 235 2639; x_wconf 90' lang='lat' dir='ltr'><strong>modo</strong></span> <span class='ocrx_word' id='word_1_241' title='bbox 248 2590 349 2655; x_wconf 88' lang='lat' dir='ltr'><strong>potest.</strong></span> <span class='ocrx_word' id='word_1_242' title='bbox 386 2584 499 2636; x_wconf 89' lang='lat' dir='ltr'><strong>Etenim</strong></span> <span class='ocrx_word' id='word_1_243' title='bbox 515 2584 631 2637; x_wconf 91' lang='lat' dir='ltr'><strong>omnino</strong></span> <span class='ocrx_word' id='word_1_244' title='bbox 643 2589 753 2639; x_wconf 89' lang='lat' dir='ltr'><strong>tantum</strong></span> <span class='ocrx_word' id='word_1_245' title='bbox 766 2603 794 2639; x_wconf 87' lang='lat' dir='ltr'><strong>se</strong></span> <span class='ocrx_word' id='word_1_246' title='bbox 809 2595 894 2657; x_wconf 84' lang='lat' dir='ltr'><strong>negat</strong></span> <span class='ocrx_word' id='word_1_247' title='bbox 906 2588 993 2643; x_wconf 85' lang='lat' dir='ltr'><strong>factu-</strong></span> 
     </span>
     <span class='ocr_line' id='line_1_32' title="bbox 151 2665 993 2737; baseline 0.006 -19"><span class='ocrx_word' id='word_1_248' title='bbox 151 2682 211 2719; x_wconf 90' lang='lat' dir='ltr'><strong>rum</strong></span> <span class='ocrx_word' id='word_1_249' title='bbox 227 2665 389 2737; x_wconf 89' lang='lat' dir='ltr'><strong>compendii</strong></span> <span class='ocrx_word' id='word_1_250' title='bbox 404 2666 447 2718; x_wconf 91' lang='lat' dir='ltr'><strong>sui</strong></span> <span class='ocrx_word' id='word_1_251' title='bbox 462 2682 544 2719; x_wconf 87' lang='lat' dir='ltr'><strong>causa</strong></span> <span class='ocrx_word' id='word_1_252' title='bbox 557 2667 636 2734; x_wconf 90' lang='lat' dir='ltr'><strong>quod</strong></span> <span class='ocrx_word' id='word_1_253' title='bbox 650 2684 707 2719; x_wconf 91' lang='lat' dir='ltr'><strong>non</strong></span> <span class='ocrx_word' id='word_1_254' title='bbox 722 2666 814 2721; x_wconf 89' lang='lat' dir='ltr'><strong>liceat.</strong></span> <span class='ocrx_word' id='word_1_255' title='bbox 851 2670 926 2723; x_wconf 92' lang='lat' dir='ltr'><strong>Huic</strong></span> <span class='ocrx_word' id='word_1_256' title='bbox 942 2688 993 2723; x_wconf 87' lang='lat' dir='ltr'><strong>uec</strong></span> 
     </span>
     <span class='ocr_line' id='line_1_33' title="bbox 151 2747 993 2817; baseline 0.008 -20"><span class='ocrx_word' id='word_1_257' title='bbox 151 2747 211 2797; x_wconf 88' lang='lat' dir='ltr'><strong>laus</strong></span> <span class='ocrx_word' id='word_1_258' title='bbox 224 2764 326 2816; x_wconf 84' lang='lat' dir='ltr'><strong>magna</strong></span> <span class='ocrx_word' id='word_1_259' title='bbox 336 2748 487 2799; x_wconf 87' lang='lat' dir='ltr'><strong>tribuenda</strong></span> <span class='ocrx_word' id='word_1_260' title='bbox 499 2763 550 2799; x_wconf 89' lang='lat' dir='ltr'><strong>uec</strong></span> <span class='ocrx_word' id='word_1_261' title='bbox 565 2748 657 2816; x_wconf 85' lang='lat' dir='ltr'><strong>gratia</strong></span> <span class='ocrx_word' id='word_1_262' title='bbox 671 2754 721 2799; x_wconf 91' lang='lat' dir='ltr'><strong>est.</strong></span> <span class='ocrx_word' id='word_1_263' title='bbox 760 2751 803 2800; x_wconf 87' lang='lat'><strong>64.</strong></span> <span class='ocrx_word' id='word_1_264' title='bbox 822 2750 884 2817; x_wconf 85' lang='lat' dir='ltr'><strong>Sed,</strong></span> <span class='ocrx_word' id='word_1_265' title='bbox 895 2751 952 2803; x_wconf 89' lang='lat' dir='ltr'><strong>sive</strong></span> <span class='ocrx_word' id='word_1_266' title='bbox 965 2761 993 2804; x_wconf 90' lang='lat' dir='ltr'><strong>et</strong></span> 
     </span>
     <span class='ocr_line' id='line_1_34' title="bbox 151 2826 993 2899; baseline 0.008 -22"><span class='ocrx_word' id='word_1_267' title='bbox 151 2826 292 2879; x_wconf 86' lang='lat' dir='ltr'><strong>simulatio</strong></span> <span class='ocrx_word' id='word_1_268' title='bbox 314 2834 342 2880; x_wconf 88' lang='lat' dir='ltr'><strong>et</strong></span> <span class='ocrx_word' id='word_1_269' title='bbox 362 2827 548 2880; x_wconf 88' lang='lat' dir='ltr'><strong>dissimulatio</strong></span> <span class='ocrx_word' id='word_1_270' title='bbox 568 2828 649 2880; x_wconf 92' lang='lat' dir='ltr'><strong>dolus</strong></span> <span class='ocrx_word' id='word_1_271' title='bbox 667 2830 757 2881; x_wconf 86' lang='lat' dir='ltr'><strong>malus</strong></span> <span class='ocrx_word' id='word_1_272' title='bbox 776 2835 825 2898; x_wconf 88' lang='lat' dir='ltr'><strong>est,</strong></span> <span class='ocrx_word' id='word_1_273' title='bbox 838 2847 993 2899; x_wconf 88' lang='lat' dir='ltr'><strong>perpaucae</strong></span> 
     </span>
     <span class='ocr_line' id='line_1_35' title="bbox 152 2908 992 2977; baseline 0.005 -18"><span class='ocrx_word' id='word_1_274' title='bbox 152 2924 194 2959; x_wconf 88' lang='lat' dir='ltr'><strong>res</strong></span> <span class='ocrx_word' id='word_1_275' title='bbox 210 2912 275 2959; x_wconf 90' lang='lat' dir='ltr'><strong>suut</strong></span> <span class='ocrx_word' id='word_1_276' title='bbox 290 2908 434 2977; x_wconf 89' lang='lat' dir='ltr'><strong>inquibus</strong></span> <span class='ocrx_word' id='word_1_277' title='bbox 450 2924 506 2959; x_wconf 87' lang='lat' dir='ltr'><strong>non</strong></span> <span class='ocrx_word' id='word_1_278' title='bbox 522 2908 604 2960; x_wconf 89' lang='lat' dir='ltr'><strong>dolus</strong></span> <span class='ocrx_word' id='word_1_279' title='bbox 619 2910 710 2961; x_wconf 86' lang='lat' dir='ltr'><strong>nialus</strong></span> <span class='ocrx_word' id='word_1_280' title='bbox 725 2909 777 2961; x_wconf 89' lang='lat' dir='ltr'><strong>iste</strong></span> <span class='ocrx_word' id='word_1_281' title='bbox 789 2918 921 2976; x_wconf 88' lang='lat' dir='ltr'><strong>versetur,</strong></span> <span class='ocrx_word' id='word_1_282' title='bbox 934 2912 992 2963; x_wconf 87' lang='lat' dir='ltr'><strong>sive</strong></span> 
     </span>
     <span class='ocr_line' id='line_1_36' title="bbox 151 2988 993 3059; baseline 0.006 -20"><span class='ocrx_word' id='word_1_283' title='bbox 151 2988 195 3039; x_wconf 77' lang='lat' dir='ltr'><strong>vir</strong></span> <span class='ocrx_word' id='word_1_284' title='bbox 210 2988 299 3040; x_wconf 90' lang='lat' dir='ltr'><strong>bonus</strong></span> <span class='ocrx_word' id='word_1_285' title='bbox 318 2995 360 3040; x_wconf 87' lang='lat' dir='ltr'><strong>est</strong></span> <span class='ocrx_word' id='word_1_286' title='bbox 375 2988 406 3053; x_wconf 91' lang='lat' dir='ltr'><strong>is,</strong></span> <span class='ocrx_word' id='word_1_287' title='bbox 421 2988 470 3055; x_wconf 92' lang='lat' dir='ltr'><strong>qui</strong></span> <span class='ocrx_word' id='word_1_288' title='bbox 485 2988 601 3057; x_wconf 85' lang='lat' dir='ltr'><strong>prodest</strong></span> <span class='ocrx_word' id='word_1_289' title='bbox 615 2990 718 3057; x_wconf 85' lang='lat' dir='ltr'><strong>quibus</strong></span> <span class='ocrx_word' id='word_1_290' title='bbox 734 2995 836 3059; x_wconf 88' lang='lat' dir='ltr'><strong>potest,</strong></span> <span class='ocrx_word' id='word_1_291' title='bbox 850 2998 933 3043; x_wconf 88' lang='lat' dir='ltr'><strong>nocet</strong></span> <span class='ocrx_word' id='word_1_292' title='bbox 947 3008 993 3044; x_wconf 89' lang='lat' dir='ltr'><strong>ne-</strong></span> 
     </span>
     <span class='ocr_line' id='line_1_37' title="bbox 152 3068 991 3139; baseline 0.01 -21"><span class='ocrx_word' id='word_1_293' title='bbox 152 3068 229 3132; x_wconf 92' lang='lat' dir='ltr'><strong>mini,</strong></span> <span class='ocrx_word' id='word_1_294' title='bbox 240 3074 314 3120; x_wconf 88' lang='lat' dir='ltr'><strong>certe</strong></span> <span class='ocrx_word' id='word_1_295' title='bbox 329 3068 413 3120; x_wconf 87' lang='lat' dir='ltr'><strong>istum</strong></span> <span class='ocrx_word' id='word_1_296' title='bbox 430 3068 521 3121; x_wconf 89' lang='lat' dir='ltr'><strong>virum</strong></span> <span class='ocrx_word' id='word_1_297' title='bbox 540 3069 645 3121; x_wconf 88' lang='lat' dir='ltr'><strong>bouum</strong></span> <span class='ocrx_word' id='word_1_298' title='bbox 664 3086 721 3121; x_wconf 88' lang='lat' dir='ltr'><strong>nou</strong></span> <span class='ocrx_word' id='word_1_299' title='bbox 735 3070 816 3123; x_wconf 79' lang='lat' dir='ltr'><strong>facile</strong></span> <span class='ocrx_word' id='word_1_300' title='bbox 832 3072 991 3139; x_wconf 74' lang='lat' dir='ltr'><strong>reperimus</strong></span> 
     </span>
     <span class='ocr_line' id='line_1_38' title="bbox 151 3146 993 3220; baseline 0.004 -18"><span class='ocrx_word' id='word_1_301' title='bbox 151 3148 313 3217; x_wconf 89' lang='lat' dir='ltr'><strong>Numquam</strong></span> <span class='ocrx_word' id='word_1_302' title='bbox 334 3146 423 3220; x_wconf 83' lang='lat' dir='ltr'><strong>igitur</strong></span> <span class='ocrx_word' id='word_1_303' title='bbox 444 3153 486 3202; x_wconf 87' lang='lat' dir='ltr'><strong>est</strong></span> <span class='ocrx_word' id='word_1_304' title='bbox 506 3148 577 3202; x_wconf 89' lang='lat' dir='ltr'><strong>utile</strong></span> <span class='ocrx_word' id='word_1_305' title='bbox 596 3165 719 3217; x_wconf 90' lang='lat' dir='ltr'><strong>peccare,</strong></span> <span class='ocrx_word' id='word_1_306' title='bbox 735 3150 802 3216; x_wconf 87' lang='lat' dir='ltr'><strong>quia</strong></span> <span class='ocrx_word' id='word_1_307' title='bbox 822 3167 930 3217; x_wconf 82' lang='lat' dir='ltr'><strong>semper</strong></span> <span class='ocrx_word' id='word_1_308' title='bbox 951 3157 993 3206; x_wconf 86' lang='lat' dir='ltr'><strong>est</strong></span> 
     </span>
    </p>
   </div>
   <div class='ocr_carea' id='block_1_3' title="bbox 0 0 1129 3542">
    <p class='ocr_par' dir='ltr' id='par_1_3' title="bbox 0 0 1129 3542">
     <span class='ocr_line' id='line_1_39' title="bbox 0 0 1129 3542; baseline 0 0"><span class='ocrx_word' id='word_1_309' title='bbox 0 0 1129 3542; x_wconf 95' lang='lat' dir='ltr'><strong> </strong></span> 
     </span>
    </p>
   </div>
  </div>
 </body>
</html>
