2242 3542
287 159 741 222 urs.111.‚car.xvrr.-xrrt.,
759 158 774 217 l
793 160 881 207 to-ra.
961 160 1008 205 1rs

164 250 266 297 utnon
279 244 431 313 deliquisse
443 244 613 298 videantur?
649 243 722 295 Mihi
735 242 849 312 quidem
862 259 920 294 non
932 241 1009 294 vide-

166 332 219 391 tur,
229 342 398 395 quamquam
411 327 530 377 alterum
539 325 636 377 vivum
650 325 749 391 amavi,
758 325 878 377 alterum
890 340 948 375 non
960 322 1009 375 odi

166 414 316 469 mortuum.
353 409 395 460 74.
416 408 472 459 Sed
494 422 558 458 cum
582 406 692 458 Basilus
712 406 750 458 M.
767 405 888 458 Satrium
910 404 1010 456 sororis

166 488 255 539 filium
266 504 369 539 nomen
381 504 463 539 suurn
475 487 545 539 ferre
557 486 693 539 voluisset
708 502 827 554 eumque
840 485 951 537 fecisset
964 485 1010 536 he-

166 569 372 620 redem—hunc
388 568 453 620 dieo
468 575 618 636 patronum
636 567 696 636 agri
711 567 809 619 Piceni
826 571 854 619 et
870 565 1010 633 Sabini,0

167 659 277 718 turpem
295 654 390 701 uotam
406 656 563 717 temporum
582 665 683 700 nonreu
699 648 810 713 illorum
822 650 933 701 l—num
952 652 1010 699 erat

168 746 286 798 aequum
300 730 442 799 principes
456 730 533 783 cives
546 746 605 782 rem
622 730 731 797 habero,
745 730 782 782 ad
799 728 922 782 Satrium
939 728 1011 779 nihil

169 819 276 880 praeter
290 827 391 863 nomen
406 812 571 880 perveniret
607 812 729 877 Etenim,
743 812 766 863 si
781 811 814 877 is,
826 811 876 879 qui
891 826 947 862 non
964 810 1011 861 de·

167 892 260 944 i'cmlit
277 891 408 944 iniuriam
429 909 519 960 neque
538 894 693 962 propulsat,
710 908 773 943 cum
792 896 893 961 potest,
909 890 1011 943 iniuste

168 973 244 1036 iacit,
253 980 284 1025 ut
295 973 326 1025 in
337 974 428 1042 primo
442 974 514 1025 libro
527 974 655 1041 disserui,
665 973 756 1042 qualis
769 973 916 1025 habendus
929 978 970 1024 est
979 972 1012 1037 is,

169 1054 293 1122 quinon
313 1056 399 1108 ruodo
419 1071 477 1106 non
498 1055 616 1123 repellit,
632 1055 682 1106 scd
701 1054 786 1107 etiam
806 1054 923 1107 adiuvat
941 1052 1012 1105 iniu-

169 1135 255 1188 riam?
292 1135 363 1187 Mihi
379 1135 494 1203 quidem
509 1135 594 1187 etiarn
607 1151 689 1188 verae
704 1134 875 1187 hereditates
892 1151 949 1186 uon
964 1134 1012 1185 ho·

168 1222 264 1268 nestae
272 1216 412 1282 videntur,
421 1216 444 1268 si
457 1222 524 1269 suut
536 1216 683 1269 malitiosis
693 1216 848 1282 blanditiis,
858 1214 1012 1268 officiorum

169 1314 226 1349 non
239 1297 368 1364 veritate,
376 1298 427 1349 sed
442 1296 620 1349 simulatione
635 1297 785 1363 quaesitae.
823 1296 913 1365 Atqui
928 1296 958 1347 in
973 1300 1013 1347 ta-

169 1378 243 1430 libus
261 1379 344 1429 rebus
363 1378 438 1429 aliud
457 1378 527 1429 utile
544 1378 695 1441 interdurn,
711 1377 789 1429 aliud
808 1378 956 1429 honestum
974 1375 1014 1426 vi-

170 1459 229 1512 deri
245 1460 323 1511 solet.
361 1461 403 1511 75.
423 1459 521 1511 Falso:
541 1475 606 1510 narn
622 1458 720 1510 eadem
735 1457 867 1510 utilitatis
881 1472 951 1525 quae
965 1456 1014 1507 ho

170 1540 286 1593 aestatis
305 1544 345 1592 est
361 1541 464 1608 regula.
502 1540 558 1605 Qui
576 1540 632 1590 hoc
651 1555 709 1591 non
728 1538 888 1608 perviderit,
905 1538 940 1591 ab
959 1538 1013 1589 hoc

170 1622 248 1673 nulla
260 1620 335 1673 fmus
347 1621 445 1685 aberit,
453 1622 561 1673 nullum
571 1620 687 1673 facinus
726 1620 772 1673 Sic
785 1620 859 1672 enim
872 1619 1014 1688 cogitans:

171 1706 187 1732 ·'‘
195 1703 246 1754 Est
257 1702 330 1753 istuc
342 1701 456 1769 quidem
469 1703 627 1769 honestum,
639 1716 735 1753 verum
748 1702 802 1753 hoc
818 1701 959 1770 expedit,''
971 1716 1015 1751 res

171 1801 187 1835 a
205 1789 304 1836 natura
322 1785 468 1852 copulatas
488 1783 607 1836 audebit
625 1799 716 1836 errore
732 1783 872 1849 divellere,
887 1783 936 1851 qui
951 1781 1014 1833 fons

171 1873 213 1917 cst
227 1864 378 1929 fraudium,
392 1865 599 1932 maleficiorum,
613 1866 748 1917 scelerum
766 1865 899 1917 omnium.
937 1865 1013 1916 XIX

171 1945 271 2012 ltaque
282 1946 306 1997 si
318 1946 362 1998 vir
374 1947 465 1998 honus
478 1947 582 1999 haheat
595 1947 667 1999 hauc
677 1946 742 2013 vim,
753 1950 792 2012 ut,
803 1946 826 1997 si
840 1945 938 2013 digitis
951 1961 1014 1996 con-

172 2027 318 2095 crepuerit,
326 2027 416 2094 possit
429 2027 458 2077 iu
468 2026 653 2097 locupletium
663 2031 830 2079 testamenta
842 2042 942 2078 nomen
956 2025 1015 2076 eius

172 2107 300 2175 irrepere,
314 2108 367 2159 hac
384 2107 413 2158 vi
431 2124 487 2158 uon
502 2113 605 2175 utatur,
620 2124 654 2159 ne
670 2107 693 2158 si
708 2108 883 2176 exploratum
900 2105 1015 2173 quidem

173 2189 276 2240 habeat
297 2187 327 2239 id
349 2187 463 2239 omnino
484 2189 622 2240 neminem
646 2204 780 2255 uinquam
801 2188 1013 2256 suspicaturum.

172 2270 212 2321 tt
225 2269 305 2321 dares
317 2269 390 2320 hanc
400 2269 457 2320 vim
470 2270 506 2322 M.
516 2270 622 2333 Crassq
632 2274 663 2320 ut
673 2268 828 2337 digitorum
838 2266 1015 2337 percussione

172 2351 254 2401 heres
267 2354 362 2417 posset
376 2349 497 2418 scriptus
511 2365 578 2417 esse,
590 2349 639 2417 qui
654 2365 683 2401 re
696 2365 760 2401 vera
774 2365 831 2400 non
844 2354 915 2401 esset
927 2349 1015 2413 heres,

172 2431 203 2482 in
217 2430 287 2494 foro,
300 2431 382 2482 crede
397 2429 476 2496 mihi,
490 2430 610 2482 saltaret.
649 2431 741 2481 Homo
762 2434 855 2482 autern
874 2430 963 2481 iustus
981 2429 1016 2479 is-

173 2528 235 2580 que,
244 2528 328 2579 quern
340 2511 477 2563 sentimus
487 2511 577 2562 virum
587 2512 701 2577 bonum,
711 2510 783 2562 nihil
797 2510 927 2579 cuiquam
938 2510 1016 2578 quod

172 2594 202 2645 in
221 2610 250 2647 sc
269 2592 419 2645 transferat
439 2592 574 2645 detrahet.
613 2593 675 2643 Hoc
694 2591 744 2660 qui
765 2592 926 2659 admiratur,
944 2592 968 2643 is
988 2606 1016 2642 se

173 2674 243 2740 quid
265 2674 302 2726 sit
320 2674 364 2725 vir
382 2674 473 2726 bouus
493 2673 601 2726 nescire
619 2672 748 2725 fateatur.
786 2675 828 2726 76.
845 2675 884 2725 At
903 2689 977 2738 vero,
993 2671 1017 2723 si

174 2754 222 2822 qui
232 2755 352 2807 voluerit
365 2754 450 2806 animi
463 2755 506 2807 sui
519 2754 716 2823 complicatam
728 2753 871 2805 notionem
881 2753 1015 2816 evolvere,

174 2835 229 2885 iarn
244 2835 347 2904 seipse
363 2837 464 2887 doceat
479 2851 542 2887 eum
555 2835 646 2887 virum
663 2835 767 2886 bonurn
784 2850 850 2901 esse,
865 2834 913 2901 qui
928 2833 1017 2901 prosit

175 2914 276 2982 quibus
297 2916 395 2984 possit,
413 2922 513 2968 noceat
535 2915 640 2967 nemini
664 2914 719 2966 nisi
742 2916 886 2967 lacessitus
907 2914 1016 2966 iniuria.

176 2996 251 3061 Quid
270 2999 357 3065 ergo?
394 2996 449 3048 Hic
468 3012 526 3047 uon
543 3001 651 3059 noceat,
667 2996 717 3061 qui
736 2996 859 3063 quodam
878 2994 957 3060 quasi
973 3010 1015 3045 rc-

174 3092 247 3127 ncno
266 3075 392 3143 perficiat
411 3082 443 3127 ut
457 3091 537 3127 veros
553 3076 670 3127 heredes
689 3082 807 3139 moveat,
820 3076 850 3127 in
870 3090 963 3126 corum
979 3075 1018 3123 lo-

175 3172 240 3221 cum
252 3156 312 3226 ipse
328 3156 478 3209 succedat?
516 3158 531 3184 “
541 3156 606 3209 Non
621 3155 709 3226 igitur·
721 3155 805 3207 farciat
814 3157 828 3180 ”
839 3154 942 3207 dixerit
955 3154 1018 3223 quis
