2242 3542
364 178 432 226 LlB.
448 178 480 237 1.,
501 176 580 225 CAP.
597 174 713 235 11.-1v.‚
731 174 745 233 §
763 177 835 223 6-11.
990 176 1021 220 65

170 279 230 315 eur
238 261 345 315 factum
353 262 391 313 sit
400 260 472 313 ratio
484 258 640 329 probabilis
653 258 735 311 reddi
744 257 840 327 possit.
873 259 897 310 9.
908 255 1022 325 Triplex

178 344 269 413 igitur
281 348 330 410 est,
340 347 371 394 ut
381 341 515 394 Panaetio
525 340 644 405 videtur,
654 338 766 391 consilii
778 336 910 407 capiendi
918 336 1022 389 delibe-

180 425 259 478 ratio,
296 424 370 476 Nam
385 427 434 474 aut
449 423 633 473 honestumne
646 420 721 472 factu
742 419 779 471 sit
797 435 834 471 an
848 423 929 487 turpe
943 417 1023 470 dubi-

180 511 249 573 tant‚
260 506 291 557 id
299 505 379 573 quod
389 504 418 555 iu
432 501 661 555 deliberationem
673 500 766 553 cadit:
784 499 814 552 in
828 516 885 567 quo
897 498 1024 551 conside·

181 587 269 638 raudo
278 602 358 655 saepe
364 584 454 637 animi
462 583 491 635 in
500 582 652 635 contrarias
659 581 811 634 sententias
821 581 1022 633 distrahuntur.

179 667 253 719 Tum
263 672 358 718 autern
368 670 418 717 aut
428 663 580 731 anquirunt
590 667 638 715 aut
648 662 807 714 consultant
818 661 856 713 ad
866 662 940 713 vitae
951 676 1024 712 com·

180 746 346 799 moditatem
357 744 625 810 iucunditatemque,
634 744 673 794 ud
683 741 830 793 facultates
839 757 929 793 rerum
939 746 1024 808 atque

181 828 285 897 copias,
295 828 334 879 ad
348 843 424 895 opes,
436 826 471 876 ad
485 823 648 893 potentiam,
660 822 763 890 quibus
778 828 806 873 et
818 838 847 874 se
861 821 970 890 possint
984 822 1021 873 iu-

182 924 247 960 vare
266 913 293 959 et
312 923 385 973 suos,
400 905 542 957 conducat
560 903 593 955 id
610 919 706 970 necne,
720 902 756 954 de
774 918 832 970 quo
851 902 1023 956 deliberant:

182 1004 255 1054 quae
275 986 444 1040 deliberatio
467 984 558 1043 omnis
580 984 609 1034 in
631 983 768 1035 rationem
790 981 920 1034 utilitatis
938 982 1022 1036 cadit

180 1066 309 1118 Tertium
329 1064 481 1118 dubitandi
500 1082 590 1135 genus
611 1068 661 1130 est,
678 1080 743 1116 cum
764 1078 893 1132 pugnare
913 1060 1026 1116 videtur

181 1162 247 1197 eum
261 1146 381 1199 honesto
396 1146 435 1213 id,
450 1147 528 1212 quod
544 1146 658 1197 videtur
673 1160 733 1196 esse
747 1144 826 1196 utile.
865 1142 935 1195 Cum
951 1141 1026 1194 enim

181 1226 290 1279 utilitas
309 1226 391 1279 adse
410 1240 514 1295 rapere,
529 1227 662 1279 honestas
680 1230 778 1277 eontra
793 1239 923 1276 revocare
941 1223 979 1275 ad
997 1239 1026 1275 se

182 1307 302 1373 videtur,
317 1306 350 1358 fit
371 1312 404 1358 ut
423 1307 598 1360 distrahatur
617 1306 801 1358 deliberando
820 1304 930 1356 animus
950 1301 1026 1354 adse-

181 1392 278 1456 ratque
289 1387 441 1455 ancipitem
451 1404 547 1440 curam
560 1382 715 1456 cogitandi.
751 1388 791 1437 10.
804 1387 865 1437 Hac
877 1382 1025 1449 divisione,

180 1483 246 1519 cum
265 1466 414 1536 praeterire
434 1467 543 1536 aliquid
559 1467 714 1519 maximum
729 1464 830 1519 vitium
848 1464 879 1516 in
897 1463 1026 1517 dividen-

180 1549 219 1601 do
231 1548 277 1613 sit„
287 1548 346 1600 duo
360 1546 551 1617 praetermissa
561 1551 635 1599 sunt
667 1546 727 1597 Nec
742 1547 817 1597 eninr
828 1547 919 1597 solum
930 1551 1024 1599 utrum

182 1630 332 1681 honestum
348 1644 382 1679 an
397 1632 477 1696 turpe
492 1626 529 1679 sit
544 1626 693 1700 deliberari
705 1627 783 1692 solet,
794 1626 842 1677 sed
856 1625 940 1679 etiam
955 1627 1024 1679 duo

180 1709 234 1761 bus
244 1708 398 1779 ¹propositis
411 1706 536 1759 honestis
549 1713 643 1759 utrum
655 1706 808 1773 honestius,
819 1706 942 1775 itemque
954 1708 1024 1759 duo

182 1791 234 1843 bus
249 1790 402 1859 propositis
420 1789 538 1841 utilibus
552 1792 647 1841 utrum
665 1787 770 1841 utilius,
808 1788 859 1855 Ita,
873 1803 957 1855 quam
976 1788 1024 1839 ille

181 1872 321 1940 triplicem
334 1870 446 1939 putavit
460 1886 518 1921 esse
532 1869 675 1935 rationem,
685 1868 715 1920 in
728 1868 852 1936 quinque
864 1873 956 1938 partes
969 1868 1024 1921 dis-

180 1952 269 2004 tribui
277 1952 379 2003 debere
389 1951 532 2019 reperitur.
554 1947 689 2001 ¹Primum
703 1950 791 2019 igitur
800 1955 844 2001 est
854 1951 889 2002 de
898 1950 1024 2017 honesto,

179 2033 231 2085 sed
246 2032 405 2101 dupliciter,
416 2038 476 2083 tum
492 2031 554 2099 pari
569 2030 677 2083 ratione
693 2032 728 2082 dc
744 2030 815 2097 utili,
825 2036 891 2099 post
903 2032 939 2083 de
952 2046 1024 2083 eom-

181 2112 328 2181 paratione
339 2128 437 2163 eornm
450 2111 650 2163 disserendum,

219 2194 266 2246 IV.
296 2193 336 2246 11.
356 2190 499 2259 Principio
524 2191 621 2259 generi
641 2189 827 2242 animantium
851 2190 929 2242 omni
948 2196 989 2243 est
1009 2209 1025 2245 a

181 2277 282 2325 natura
296 2271 440 2338 tributum,
451 2278 484 2323 ut
499 2287 535 2339 se,
546 2270 634 2324 vitam
650 2286 806 2339 corpusque
819 2276 929 2323 tueatur
941 2272 1025 2324 decli-

182 2359 285 2421 netque
306 2369 346 2421 ea,
363 2368 435 2420 qnae
457 2352 586 2404 nocitura
605 2351 763 2418 videantur,
779 2351 937 2421 omniaque,
951 2369 1024 2421 quae
1081 2404 1083 2408 .

180 2434 239 2486 sint
252 2435 291 2487 ad
300 2433 454 2487 vivendum
467 2431 628 2500 necessaria,
639 2432 769 2500 anquirat
782 2439 810 2485 et
822 2437 909 2501 paret,
920 2436 952 2485 ut
964 2450 1025 2503 pas-

180 2520 249 2582 rum,
263 2520 295 2568 ut
314 2514 438 2581 latibula,
452 2518 484 2565 ut
501 2512 557 2565 alia
574 2513 685 2582 generis
702 2512 834 2566 eiusdem.
872 2515 1024 2566 Commune

182 2602 274 2648 autern
283 2594 468 2647 animantium
481 2594 607 2645 omnium
615 2593 873 2646 estnoniunctionis
884 2594 1024 2663 appetitus

182 2675 346 2745 procreandi
362 2691 445 2727 cerusa
461 2680 492 2727 et
510 2691 576 2727 cura
593 2675 732 2742 quaedam
751 2691 855 2741 eorum,
871 2692 942 2744 quae
963 2692 1024 2744 pro-

180 2764 274 2809 creata
286 2756 352 2808 sint
389 2756 446 2808 Sed
461 2755 534 2808 inter
547 2756 690 2807 hominem
701 2759 731 2807 et
743 2754 855 2807 beluam
870 2756 925 2807 lure
939 2756 1022 2807 maxi-

181 2853 225 2889 me
241 2836 364 2904 interest
378 2836 453 2904 quod
470 2836 539 2887 haec
554 2838 672 2901 tantum,
686 2839 823 2901 quantum
836 2851 919 2887 sensu
934 2852 1024 2888 move·

180 2922 236 2983 tur,
247 2918 283 2969 ad
298 2916 330 2968 id
345 2918 443 2983 solum,
453 2917 532 2982 quod
543 2916 626 2967 adest
640 2916 773 2983 quodque
788 2931 920 2983 praesens
934 2920 983 2982 est,
997 2931 1025 2967 se

181 2997 384 3063 accommodat,
395 2998 520 3066 paullum
540 2996 695 3047 admodum
711 2995 832 3047 sentiens
846 2994 1025 3063 praeteritum

181 3082 232 3129 aut
250 3076 384 3130 diturum.
421 3078 513 3128 Homo
533 3082 635 3142 autom,
649 3076 729 3142 quod
747 3075 865 3127 rationis
882 3079 926 3125 est
942 3074 1025 3143 parti-

180 3174 255 3228 ceps,
266 3174 410 3229 perquam
420 3156 622 3226 consequentia
630 3154 729 3223 cernit,
739 3170 838 3207 careas
848 3171 939 3207 rerum
947 3155 1025 3208 videt
