2242 3542
317 75 393 163 nra.
411 113 567 174 111.,on1>.
585 112 833 175 111.-v;,§1a21.
957 120 1004 167 155

156 200 195 249 rls
214 200 313 267 putare
330 196 407 265 quod
426 196 496 250 utile
508 196 640 250 videatur
653 213 738 265 quam
751 199 828 267 quod
846 198 1002 269 honestum,

156 277 303 331 sedetiam
315 276 384 329 haec
396 276 469 329 inter
481 292 510 328 se
524 270 683 346 comparare
696 284 725 331 et
736 277 767 330 in
776 278 821 331 his
833 280 1002 333 addubitare

154 357 349 427 turpissimum
364 361 412 411 est.
444 356 520 423 Quid
535 373 602 426 ergo
621 362 670 426 est,
684 359 762 425 quod
777 375 834 411 non
849 375 1002 427 numquam

155 438 362 491 dubitationem
378 436 485 489 adferre
501 439 590 489 soleat
605 438 895 507 considerandumque
907 440 1001 493 videa·

153 522 220 573 turl
254 518 389 585 Ored0‚·si
404 518 519 586 quando
535 518 678 571 dubitatio
694 519 799 572 accidit
812 522 893 588 quale
908 520 946 573 sit
959 521 1000 590 id,

155 602 191 653 de
207 616 263 667 quo
282 599 480 652 consideretur.
515 602 554 651 19.
573 599 660 667 Saepe
680 600 754 651 enim
774 606 898 669 tempore
915 600 946 653 fit
960 607 999 670 ut,

155 682 232 751 quod
252 686 333 751 turpe
353 682 517 750 plerumque
537 681 636 732 haberi
655 682 751 747 soleat,
764 681 924 733 inveniatur·
942 699 1000 735 non

154 779 213 815 esse
228 766 317 831 turpe.
354 761 485 830 Exempli
501 777 585 813 eausa
599 768 720 829 ponatur
736 762 845 830 aliquid
860 762 937 830 quod
951 779 999 831 pa·

155 848 214 895 teat
226 844 317 897 latius.
352 842 434 909 Quod
451 846 544 911 potest
559 841 648 893 maius
664 858 722 894 esse
738 844 827 895 scelus
842 858 926 910 quam
941 859 998 895 non

152 926 238 976 modo
254 924 402 991 bominem,
416 923 466 975 sed
486 922 572 975 etiam
587 921 755 974 familiarem
769 922 912 974 hominem
927 924 998 975 occi-

154 1006 238 1058 deret
269 1005 345 1058 Num
355 1004 442 1072 igitur
452 1020 481 1056 se
494 1002 624 1056 astrinxit
634 1004 743 1071 scelere,
753 1002 777 1055 si
787 1003 836 1069 qui
848 1007 997 1070 tyrannum

155 1084 592 1152 occiditquamvisfamiliareml
625 1086 734 1154 Populo
745 1084 860 1153 quidem
870 1085 997 1137 Romano

151 1183 208 1218 non
218 1166 340 1232 videtur,
351 1165 400 1234 qui
411 1181 445 1217 ex
458 1165 590 1217 omnibus
602 1164 751 1235 praeclaris
761 1164 843 1218 factis
855 1164 927 1217 illud
935 1166 997 1233 pul-

153 1247 321 1299 cherrimum
335 1245 484 1299 existimat.
512 1246 591 1301 Vicit
603 1262 671 1315 ergo
682 1246 791 1299 utilitas
804 1246 996 1300 honestateml

152 1328 243 1379 Immo
253 1343 319 1379 vero
328 1326 460 1379 honestas
470 1325 637 1379 utilitatem:
658 1328 694 1394 [et
706 1326 814 1379 attilitua
826 1326 993 1395 meatem]
1014 1359 1021 1425 q

151 1413 247 1459 secuta
260 1410 308 1459 est.

188 1489 297 1554 Itaque,
310 1490 343 1537 ut
365 1486 423 1539 sine
444 1488 502 1541 ullo
525 1504 615 1541 errore
634 1488 790 1541 diiudicare
809 1487 955 1556 possimus,
971 1495 995 1541 si

150 1569 267 1636 quando
278 1583 341 1619 cum
351 1566 409 1635 illo,
418 1570 494 1634 quod
505 1570 653 1622 honestum
663 1568 860 1638 intellegimus,
869 1584 994 1637 pugnare
1013 1519 1020 1610 i

149 1649 181 1701 id
194 1648 346 1715 videbitur,
357 1649 435 1715 quod
449 1650 622 1718 appellamus
637 1651 714 1716 utile,
724 1649 843 1701 firrmula
854 1650 994 1716 quaedam
1014 1639 1017 1658 ¹

150 1728 347 1782 constituenda
365 1733 415 1795 est,
427 1745 510 1797 quam
529 1730 553 1781 si
572 1746 720 1798 sequemur
737 1731 767 1782 in
784 1730 994 1799 comparatione

149 1826 248 1877 rerum,
259 1810 295 1861 ab
307 1808 398 1862 officio
408 1825 561 1877 numquam
571 1812 740 1863 recedemus.
771 1813 812 1863 20.
828 1811 890 1863 Erit
900 1817 994 1864 autern
1014 1799 1019 1825 ¹

150 1891 219 1942 haec
229 1889 349 1941 formula
360 1888 516 1941 Stoicorum
526 1890 628 1943 rationi
641 1890 864 1959 disciplinaeque
873 1891 994 1945 maxime

150 1976 344 2039 consentanea,
358 1988 442 2040 quam
457 1972 574 2040 quidem
589 1972 634 2025 his
648 1971 728 2023 libris
742 1976 890 2040 propterea
904 1973 994 2040 sequi·

149 2067 219 2116 mur,
237 2052 322 2120 quod,
342 2068 510 2119 quamquam
534 2068 551 2104 a
570 2052 711 2105 veteribus
730 2050 908 2103 Academicis
929 2059 958 2103 et
977 2070 993 2105 a

114 2198 117 2203 Ι
149 2132 345 2199 Peripateticis
366 2132 473 2199 vestris,
491 2132 540 2199 qui
562 2132 706 2201 quondam
729 2130 816 2185 iidem
844 2136 922 2183 erant
944 2132 992 2200 qui

147 2212 320 2279 Academici,
335 2227 405 2279 quae
420 2212 538 2265 honesta
557 2218 623 2265 sunt
642 2216 851 2280 anteponuntur
865 2211 907 2276 iis,
923 2228 993 2280 quae

148 2292 281 2345 videntur
295 2292 384 2358 utilia,
398 2297 491 2345 tamen
510 2292 689 2361 splendidius
709 2292 777 2343 haec
796 2293 831 2343 ab
850 2292 889 2344 eis
907 2293 992 2345 (lisse-

147 2378 256 2439 runtur‚
270 2373 381 2441 quibua,
396 2374 538 2441 quidquid
553 2376 701 2425 honestum
716 2379 765 2439 est,
779 2372 855 2425 idem
870 2374 940 2425 utile
954 2375 992 2427 vi-

147 2453 230 2506 detur
247 2469 298 2505 nec
318 2453 386 2505 utile
402 2454 556 2521 quidquam
573 2454 649 2521 quod
665 2470 721 2505 non
737 2454 893 2520 honestum,
907 2471 992 2521 quam

147 2534 183 2586 ab
194 2532 238 2600 iis,
249 2533 351 2607 quibus
364 2540 413 2585 aut
425 2534 573 2587 honestum
586 2533 696 2601 aliquid
708 2550 765 2585 non
779 2534 848 2587 utile
861 2540 910 2586 aut
923 2535 992 2587 utile
1004 2527 1008 2574 Ξ

147 2628 205 2665 non
221 2614 377 2667 honestum.
415 2614 505 2666 Nobis
524 2619 619 2667 autem
637 2624 733 2667 nostra
748 2614 902 2667 Academia
916 2630 1007 2682 mag-1.

146 2710 212 2747 nam
224 2695 367 2747 licentiam
381 2694 438 2764 dat,
449 2700 488 2762 ut,
500 2696 698 2764 quodcumque
710 2696 832 2748 maxime
844 2696 991 2764 probabile

146 2780 282 2843 occurrat,
296 2774 328 2828 id
346 2780 441 2828 nostro
460 2776 519 2829 iure
538 2776 622 2828 liceat
640 2775 798 2829 defendere.
837 2777 892 2829 Sed
908 2777 991 2828 redeo

146 2856 185 2908 ad
199 2854 355 2910 formulam.
386 2857 420 2910 V.
452 2858 493 2910 21.
513 2857 666 2909 Detrahere
680 2856 770 2926 igitur
787 2857 867 2910 alteri
882 2856 991 2924 aliquid
1023 2860 1035 2904 l

145 2940 174 2989 et
195 2936 339 2988 hominem
361 2936 484 2988 hominis
505 2938 687 2990 incommodo
709 2953 791 2989 suum
812 2936 991 2990 commodum

145 3032 246 3086 augere
266 3016 356 3085 magis
374 3022 416 3069 est
438 3024 535 3071 contra
553 3026 681 3071 naturam
701 3034 785 3085 quam
803 3033 884 3083 mors,
906 3033 990 3084 quam

144 3105 304 3168 paupertas,
317 3114 402 3165 quam
417 3098 506 3156 dolor.
517 3114 602 3167 quam
617 3103 717 3167 cetera,
727 3114 799 3166 quae
811 3104 929 3168 possunt
941 3103 989 3150 aut
