2242 3542
148 154 197 201 130
458 151 507 199 DE
525 148 679 199 OFFICIIS

145 236 330 301 habebuntur,
343 233 428 287 nullis
443 233 592 303 praesidiis
609 232 699 302 saepti
714 232 810 286 multis
825 232 989 287 adficiuntur

144 316 262 370 iniuriis.
307 316 351 369 40.
371 316 465 384 Atque
486 315 532 367 his
557 314 648 381 ctiam,
666 314 716 382 qui
735 314 863 367 vendunt
886 319 989 385 emunt,

49 389 53 394 ’
145 397 307 449 conducunt
322 397 417 448 locant
433 395 689 463 contrahendisque
706 394 828 464 negotiis
845 395 990 465 implican-

144 482 198 544 tur,
216 477 326 529 iustitia
350 476 387 528 ad
408 492 465 529 rem
490 476 643 545 gerendam
665 475 820 528 necessaria
845 482 893 544 est,
913 476 990 531 cuius

145 560 224 610 tanta
242 557 286 609 vis
304 560 355 624 est,
367 560 401 609 ut
415 572 450 608 ne
468 556 512 608 illi
531 556 654 624 quidem,
668 555 717 623 qui
731 555 870 609 maleficio
889 560 918 609 et
935 572 990 609 sce-

145 640 200 691 lere
224 643 384 707 pascuntur,
403 636 514 706 possint
538 637 598 688 sine
623 637 681 688 ulla
704 636 843 705 particula
867 636 989 690 iustitiae

145 718 245 773 vivere.
282 720 356 771 Nam
381 717 431 786 qui
455 733 552 770 eorum
577 716 707 785 cuipiam,
727 717 777 785 qui
801 734 857 770 una
881 718 990 771 latroci-

144 807 254 867 nantur,
267 799 376 852 furatur
393 797 502 866 aliquid
521 802 570 851 aut
589 798 679 869 eripit,
692 798 717 851 is
735 798 789 851 sibi
807 815 842 851 ue
859 798 890 850 in
908 800 990 851 latro·

145 880 220 932 cinio
242 880 356 949 quidem
368 878 509 947 ¹relinquit
528 879 629 947 locum,
645 879 693 931 ille
715 884 816 946 autem,
833 878 881 947 qui
903 878 991 931 archi·

144 961 236 1030 pirata
260 961 372 1028 dicitur,
393 960 449 1013 nisi
472 959 656 1027 aequabiliter
678 959 812 1029 praedam
834 959 989 1028 dispertiat,

145 1048 194 1094 aut
208 1041 391 1093 interficiatur
405 1057 421 1093 a
436 1040 519 1093 sociis
533 1044 583 1092 aut
598 1040 779 1108 relinquatur.
816 1039 892 1105 Quin
906 1039 991 1092 etiarn

145 1121 221 1189 leges
245 1121 385 1173 latronum
410 1136 469 1173 esse
496 1120 631 1173 dicuntur
653 1119 756 1187 quibus
777 1124 902 1189 pareant,
922 1135 991 1187 quas

146 1201 300 1256 observent.
337 1202 438 1268 Itaque
460 1206 575 1270 propter
596 1201 771 1269 aequabilem
789 1202 911 1270 praedae
931 1216 992 1269 par-

146 1281 276 1335 titionem
294 1286 323 1335 et
339 1282 471 1350 Bardylis
488 1282 617 1351 Illyricus
634 1284 713 1349 latro,
728 1282 763 1333 da
783 1298 840 1349 quo
858 1286 900 1333 est
916 1282 991 1351 apud

145 1364 369 1432 Theopompum,
383 1378 499 1432 magnas
517 1379 585 1432 opes
603 1362 703 1415 habuit
722 1366 751 1414 et
765 1363 854 1414 multo
873 1361 992 1414 maiores

146 1444 292 1497 Viriathus
311 1444 470 1511 Lusitanus,
484 1444 531 1496 cui
550 1443 665 1510 quidem
684 1442 769 1495 etiam
788 1442 926 1495 exercitus
944 1458 992 1495 no-

146 1524 198 1576 stri
212 1524 450 1594 imperatoresque
467 1527 615 1590 cesserunt,
629 1539 712 1591 quem
728 1524 757 1576 O.
768 1522 887 1590 Laelius,
900 1522 924 1574 is
943 1522 993 1591 qui

147 1604 264 1673 Sapiens
284 1609 440 1672 usurpatur,
454 1608 568 1673 praetor
585 1603 671 1672 fregit
690 1606 718 1655 et
737 1602 904 1655 comminuit
922 1602 993 1654 fero-

146 1683 316 1751 citatemque
332 1684 392 1735 eius
406 1683 447 1735 ita
461 1676 600 1752 repressit,
614 1688 645 1735 ut
659 1682 742 1735 facile
757 1683 862 1735 bellurn
877 1682 994 1751 reliquis

146 1763 276 1817 traderet.
304 1764 374 1815 (lum
384 1763 474 1833 igitur
485 1769 564 1815 tauta
574 1763 617 1815 vis
629 1762 753 1815 iustitiae
765 1762 809 1830 sit,
817 1766 849 1815 ut
862 1780 895 1815 ea
907 1764 994 1815 etiam

147 1844 287 1895 latronum
300 1859 368 1912 opes
379 1844 470 1895 firmet
486 1848 572 1911 atque
587 1848 697 1912 augeat,
712 1847 846 1911 quantam
861 1842 921 1895 eius
933 1842 993 1895 vim

146 1923 220 1977 inter
238 1925 314 1993 leges
333 1930 362 1976 et
376 1924 483 1976 iudicia
501 1929 529 1977 et
543 1924 574 1976 in
590 1924 744 1976 constituta
762 1940 791 1976 re
806 1923 920 1993 publica
934 1922 994 1976 fore

147 2006 297 2074 putamus?
333 2005 397 2059 XII.
434 2005 478 2058 41.
497 2004 570 2057 Mihi
590 2004 705 2073 quidem
723 2021 781 2056 non
800 2004 877 2074 apud
894 2004 995 2057 Medos

147 2087 246 2152 solum,
259 2091 292 2138 ut
306 2085 347 2139 ait
360 2087 530 2154 Herodotus,
544 2088 595 2139 sed
614 2085 698 2138 etiam
718 2086 794 2155 apud
810 2084 928 2139 maiores
945 2100 995 2138 no-

147 2172 219 2218 stros
233 2166 358 2219 iustitiae
371 2166 506 2219 fruendae
521 2183 605 2219 causa
619 2166 753 2219 videntur
767 2166 835 2218 olim
850 2166 920 2218 bene
934 2182 996 2218 mo-

147 2248 202 2300 rati
226 2264 306 2316 reges
331 2247 487 2301 constituti.
524 2248 600 2299 Nam
625 2263 690 2299 cum
715 2250 888 2316 premeretur
910 2246 995 2299 initio

147 2328 302 2379 multitudo
317 2328 353 2379 ab
365 2328 408 2393 iis,
418 2327 469 2394 qui
480 2327 599 2380 maiores
613 2344 680 2396 opes
695 2328 845 2395 habebant,
856 2328 893 2380 ad
905 2343 996 2379 unum

147 2407 270 2475 aliquem
291 2406 495 2475 confugiebant
515 2408 621 2460 virtute
646 2411 841 2477 praestantem,
859 2407 909 2475 qui
930 2422 997 2459 eum

147 2486 310 2556 prohiberet
334 2486 438 2539 iniuria
462 2488 610 2556 tenuiores
628 2488 770 2557 aequitate
796 2488 997 2541 constituenda

148 2584 270 2620 summos
288 2583 352 2619 cum
368 2567 472 2620 infimis
491 2568 553 2637 pari
568 2568 628 2620 iure
645 2569 793 2621 retinebat.
831 2568 998 2635 Eademque

148 2648 406 2700 constituendarum
417 2649 511 2717 legum
519 2647 574 2701 fuit
584 2664 667 2701 causa
678 2665 747 2717 quae
760 2664 865 2717 rogum.
890 2648 933 2701 42.
947 2650 998 2700 Ius

148 2728 222 2781 enim
234 2745 343 2797 semper
354 2734 397 2780 est
410 2729 568 2797 quaesitum
581 2730 742 2795 aequabile:
758 2746 848 2797 neque
862 2726 936 2781 enim
946 2729 997 2781 ali-

147 2817 190 2861 ter
204 2816 276 2861 esset
291 2809 342 2862 ius.
379 2810 414 2862 Id
429 2809 453 2862 si
471 2810 507 2861 ab
522 2826 578 2861 uno
594 2810 669 2861 iusto
689 2814 716 2861 et
733 2810 806 2862 bono
821 2810 882 2863 viro
900 2825 998 2861 conso

148 2889 312 2957 qucbantur,
328 2894 409 2941 erant
428 2904 460 2941 eo
480 2888 621 2941 contenti:
642 2904 707 2941 cum
724 2890 757 2941 id
775 2890 868 2941 minus
886 2889 998 2942 contin-

147 2972 233 3036 geret,
247 2969 324 3037 leges
339 2973 404 3021 sunt
418 2968 551 3021 inventae
569 2984 640 3035 quac
658 2984 722 3020 cum
738 2968 868 3022 omnibus
886 2985 999 3038 semper

147 3063 204 3100 una
216 3054 300 3116 atque
314 3050 412 3101 eadem
422 3064 491 3101 voce
504 3051 691 3115 loquerentur.
722 3050 798 3117 Ergo
812 3049 866 3101 hoo
880 3049 999 3117 quidem

147 3127 327 3197 perspicuum
339 3132 388 3194 est,
397 3144 444 3181 cos
457 3128 494 3181 ad
502 3128 698 3197 imperandum
712 3128 800 3199 deligi
813 3130 918 3198 solitos,
926 3146 998 3199 quo·
