2242 3542
269 150 340 199 LIB.
357 150 485 210 1.‚cA1’.
502 148 722 208 XXlll.-XXV.‚
738 145 753 206 ἐ
769 150 857 196 79-85.
954 152 986 198 89

143 239 193 302 est,
209 234 259 303 qui
273 234 372 288 leviter
387 228 563 303 aegrotantes
579 232 678 285 leniter
690 237 797 299 curant,
809 234 987 301 gravioribus

143 321 237 373 autem
255 316 359 369 morbis
377 315 548 384 periculosas
567 313 723 365 curationes
742 318 771 365 et
785 313 923 382 ancipites
938 316 984 367 ad·

144 397 239 449 hibere
258 400 404 464 coguntur.
444 396 506 461 Qua
524 410 552 446 re
571 394 602 445 in
620 394 773 461 tranquillo
791 400 986 462 tempestatem

143 478 288 530 adversam
307 482 403 545 optare
421 475 558 529 dementis
577 479 626 541 est,
640 475 787 530 subvenire
806 482 900 527 autem
917 481 985 527 tem-

142 558 247 627 pestati
264 557 362 626 quavis
381 558 488 609 ratione
507 556 641 626 sapientis
659 572 747 623 eoque
766 556 864 625 magis,
880 556 904 609 si
921 558 985 625 plns

143 638 298 707 adipiscare
318 655 347 690 re
367 638 507 707 explicata
526 636 594 689 boni
612 652 698 703 quam
719 637 889 689 addubitata
909 638 984 690 mali.

142 719 316 771 Periculosae
332 722 425 770 autem
440 734 531 770 rerum
545 717 670 769 actiones
681 716 784 785 partim
798 716 834 767 iis
848 721 921 781 sunt,
935 718 984 784 qui

142 816 188 851 eas
206 800 371 868 suscipiunt,
385 799 489 867 partim
507 798 547 850 rei
566 797 702 867 publicae.
740 798 866 863 itemque
884 796 933 848 alii
948 797 984 850 de

142 880 208 944 vita,
221 880 268 932 alii
282 879 317 932 de
329 880 419 947 gloria
430 883 457 931 et
467 877 662 931 benevolentia
675 877 779 929 civium
791 876 821 928 in
834 877 984 930 discrimen

142 968 284 1012 vocantur.
322 958 514 1027 Promptiores
526 958 614 1027 igitur
627 958 761 1026 debemus
770 973 829 1010 esse
843 958 879 1009 ad
889 965 984 1011 nostra
1072 973 1076 980 ·

142 1042 265 1107 pericula
279 1055 363 1106 quam
378 1040 415 1091 ad
431 1038 590 1091 communia
606 1037 796 1104 dimicareque
808 1038 933 1105 paratius
947 1040 984 1093 dc

143 1120 246 1172 honore
259 1125 286 1174 et
300 1120 389 1189 gloria
403 1136 487 1187 quam
501 1120 535 1171 de
549 1118 648 1171 ceteris
660 1118 823 1171 commod-is.

177 1200 219 1254 cl.
235 1200 347 1253 Inventi
365 1205 459 1253 autem
474 1199 557 1251 multi
573 1204 646 1264 sunt,
660 1198 710 1265 qui
724 1215 781 1250 non
800 1199 885 1251 modo
900 1216 983 1269 pecu-

140 1281 223 1348 niam,
239 1282 287 1335 sed
308 1281 391 1334 etiam
411 1282 499 1333 vitam
518 1280 689 1349 profundere
709 1295 760 1349 pro
781 1280 873 1347 patria
892 1281 983 1349 parati

140 1367 238 1428 essent,
257 1362 344 1415 iidem
365 1361 471 1431 gloriae
492 1362 628 1413 iacturum
647 1377 682 1413 ne
704 1361 847 1413 minimam
867 1362 982 1428 quidem

140 1441 229 1495 facere
250 1444 362 1509 vellent,
385 1459 420 1495 ne
441 1440 606 1511 republica
628 1440 742 1507 quidem
764 1442 930 1509 postulante,
950 1451 982 1496 ut

140 1523 341 1589 Callicratidas,
356 1522 405 1589 qui
423 1538 487 1574 cum
506 1519 789 1574 Lacedaemoniorum
808 1521 866 1572 dux
885 1521 981 1577 suisset

139 1603 377 1672 Peloponnesiaco
389 1604 461 1655 bello
474 1603 620 1670 multaque
632 1601 742 1655 fecisset
755 1602 887 1672 egregrie,
897 1604 982 1657 vertit

140 1684 176 1736 ad
192 1688 345 1736 extremum
362 1684 464 1751 omnia,
479 1699 543 1736 cum
561 1684 678 1735 consilio
695 1700 752 1735 non
769 1683 863 1752 paruit
878 1701 981 1754 eorum,

140 1764 189 1832 qui
201 1765 317 1817 classem
330 1764 365 1816 ab
376 1764 539 1832 Arginussis
552 1764 748 1817 removendam
759 1780 810 1817 nec
821 1780 885 1817 cum
895 1765 981 1819 Athe-

139 1845 282 1899 niensibus
297 1845 490 1898 dimicandum
502 1846 648 1914 putabant.
687 1844 796 1911 Quibus
810 1845 858 1898 ille
870 1863 981 1917 respon-

140 1926 183 1979 dit
194 1927 431 1979 Lacedaemonios
445 1927 530 1978 classe
543 1925 593 1978 illa
606 1924 707 1979 amissa
720 1925 804 1977 aliam
813 1942 910 1994 parare
920 1945 981 1997 pos

139 2016 175 2073 se,
186 2025 214 2060 se
223 2008 319 2077 fugere
332 2009 391 2061 sine
402 2024 451 2060 suo
465 2008 603 2060 dedecore
612 2023 669 2059 non
682 2022 770 2075 posse.
808 2006 903 2074 Atque
913 2009 982 2063 haec

139 2088 255 2156 quidem
268 2088 497 2141 Lacedaemoniis
510 2089 594 2157 plaga
607 2086 764 2154 mediocris,
778 2086 827 2139 illa
840 2090 980 2160 pestifera,

141 2185 205 2235 qua,
222 2185 284 2222 cum
304 2170 497 2222 Cleombrotus
515 2168 653 2221 invidiam
672 2168 774 2220 timens
793 2174 896 2223 temere
917 2189 981 2226 cum

138 2251 337 2319 Epaminonda
353 2250 531 2313 conflixisset,
544 2250 830 2303 Lacedaemoniorum
844 2268 910 2319 opes
923 2270 981 2305 cor-

138 2338 261 2385 ruerunt.
297 2332 407 2397 Quanto
418 2332 449 2397 Q.
459 2331 598 2383 Maximus
611 2331 726 2385 melius!
746 2332 782 2384 de
792 2333 980 2399 quollnnius:

226 2462 299 2509 Unus
310 2464 388 2508 homo
399 2464 472 2508 nobis
484 2463 629 2509 cunctando
640 2463 754 2509 restituit
766 2476 825 2510 rem.

226 2531 345 2577 Noenum
357 2543 470 2576 rumores
482 2532 594 2588 ponebat
605 2532 664 2577 ante
676 2532 794 2577 salutem.

224 2600 293 2661 Ergo
305 2601 414 2659 postque
425 2600 554 2659 magisque
565 2600 614 2645 viri
625 2612 693 2645 nune
702 2600 784 2658 gloria
795 2600 882 2647 claret.

139 2730 220 2795 Quod
234 2746 322 2799 genus
335 2728 471 2798 peccandi
482 2728 631 2782 vitandum
643 2732 685 2780 est
698 2728 783 2782 etiam
798 2729 829 2782 in
842 2732 924 2783 rebus
938 2748 980 2783 ur·

139 2809 225 2862 banio.
264 2811 334 2863 Sunt
355 2810 428 2862 enim
451 2809 500 2876 qui
521 2810 601 2877 quod
622 2810 754 2875 sentiunt,
771 2810 822 2862 etsi
842 2811 979 2880 optimum
1000 2841 1006 2868 v

139 2889 184 2955 sit,
196 2894 290 2941 tamen
302 2889 426 2942 invidiae
438 2896 515 2942 metu
527 2906 586 2941 non
599 2891 704 2942 audent
717 2890 816 2944 dicere.
1001 2877 1006 2908 ¹

174 2970 263 3023 XXV.
301 2972 342 3023 85.
360 2970 480 3022 Omnino
494 2970 542 3038 qui
556 2970 596 3022 rei
608 2971 738 3039 publicae
748 2970 902 3040 praefuturi
916 2978 980 3025 sunt

139 3052 196 3103 duo
212 3050 338 3103 Platonis
356 3059 505 3120 praecepta
519 3056 648 3104 teneant:
668 3067 763 3118 unum,
778 3056 809 3103 ut
829 3052 995 3126 utilitatems

138 3132 242 3185 civium
262 3132 302 3194 sic
321 3137 460 3201 tueantur,
478 3137 518 3200 ut,
535 3148 727 3201 quaecumque
746 3137 843 3201 agunt,
863 3133 901 3185 ad
919 3133 995 3203 cami
