2242 3542
363 166 528 216 LAELIUS.
565 168 642 215 OAP.
663 167 696 214 V.
715 167 764 215 Vl.
955 169 986 213 35

135 248 195 318 ipsa
206 249 328 318 peperit;
347 248 396 301 sed
408 265 440 300 ca
451 264 505 300 non
518 248 585 300 satis
596 246 680 300 habet
692 247 837 300 firmitatis.
860 247 986 315 Namque

136 326 189 378 hoc
204 327 328 392 praestat
351 323 471 377 amicitia
486 323 684 391 propinquitati
696 323 770 391 quod
782 340 817 376 ex
828 323 983 392 propinqui-

136 405 196 454 tate
217 399 408 453 benevolentia
426 398 484 452 tolli
504 402 603 467 potest,
622 416 656 451 cx
675 399 795 452 amicitia
813 415 866 451 non
878 401 986 467 potest:

137 475 244 529 sublata
269 475 341 528 enim
366 475 552 529 benevolentia
582 473 717 527 amicitiae
747 490 845 527 nomen
874 474 987 538 tollitur,

136 551 349 620 propinquitatis
360 553 461 604 manet.
498 556 537 603 20.
569 550 676 614 Quanta
688 553 781 602 autem
793 550 833 602 vis
852 549 987 603 amicitiae

137 628 174 681 sit
184 645 218 680 cx
230 627 280 680 hoc
293 627 408 694 intelligi
416 628 533 680 maxime
545 629 646 695 potest,
654 626 728 693 quod
741 642 774 678 ex
786 625 894 678 infinita
905 625 987 679 socie

137 707 197 756 1313
208 704 316 771 generis
335 703 453 768 humani,
471 719 553 770 quam
573 702 726 755 conciliavit
745 701 804 770 ipsa
824 706 930 768 natura,
948 702 989 754 113

137 782 277 832 eontracta
285 795 329 831 res
339 782 382 831 est
394 783 422 831 ct
432 778 551 831 adducta
560 778 588 829 13
598 780 744 845 angustum
752 780 785 829 ut
794 777 882 830 omnis
889 775 989 828 caritas

89 899 90 902 ,
138 858 187 909 331
199 855 272 907 inter
284 854 338 906 duo
351 858 398 907 aut
409 855 483 906 inter
494 869 595 921 paucos
602 852 774 919 jungeretur.

190 930 241 983 VI.
277 929 328 982 Ilst
349 933 439 982 autem
465 929 585 981 amicitia
608 928 676 979 nihil
699 928 774 980 aliud
793 929 846 982 nisi
869 930 988 982 omnium
1006 923 1032 967 Χ

137 1005 290 1059 divinarum
310 1005 544 1072 humanarumque
564 1020 655 1056 rerum
673 1021 735 1056 eum
754 1003 943 1057 benovolentia
960 1008 989 1056 31
1028 977 1035 1024 i

137 1083 252 1136 caritate
271 1098 377 1134 summa
401 1081 553 1145 consensi03
580 1097 635 1149 qua
659 1080 770 1149 quidem
790 1080 864 1132 haud
882 1081 937 1133 scio
955 1097 989 1133 an

137 1162 253 1228 excepta
265 1157 397 1225 sapientia
409 1157 475 1210 nihil
493 1157 590 1210 melius
608 1156 709 1210 homini
730 1157 794 1210 sita
810 1156 863 1209 diis
882 1157 990 1209 immor-

137 1234 239 1289 talibus
263 1235 365 1288 datum.
414 1234 530 1287 Divitias
555 1233 602 1286 3111
625 1237 803 1302 praeponunt,
827 1231 926 1285 bonam
944 1233 989 1286 3111

137 1305 328 1376 valetudinem,
349 1311 395 1363 alii
416 1310 575 1380 potentiam,
597 1309 642 1362 alii
662 1309 786 1376 honores,
808 1309 888 1361 multi
906 1309 989 1362 etiam

137 1386 299 1456 voluptates.
335 1386 482 1440 Beluarum
494 1386 544 1438 hoc
557 1386 668 1454 quidem
681 1388 834 1437 extremum
848 1386 926 1449 [estlz
944 1384 991 1437 illa

137 1466 231 1517 autem
253 1463 393 1532 superiora
412 1462 514 1514 caduca
534 1465 564 1514 ct
582 1462 694 1528 incerta,
712 1462 802 1529 posita
816 1477 869 1513 303
888 1461 989 1514 tamin

137 1539 254 1593 consiliis
266 1539 367 1592 nostris
380 1555 461 1607 quam
473 1539 501 1590 in
513 1538 638 1591 fortunae
650 1537 814 1590 temeritate.
834 1537 886 1600 aui
898 1542 990 1606 autem
1023 1535 1028 1543 ’

139 1617 169 1668 13
188 1617 292 1669 virtute
311 1632 445 1668 summum
463 1614 565 1668 bonum
584 1618 696 1683 ponunt,
715 1614 854 1682 praeclare
872 1615 912 1666 illi
932 1614 990 1683 qui-

138 1691 217 1756 dem;
237 1692 285 1744 scd
298 1691 365 1744 hacc
377 1691 436 1760 ipsa
448 1691 535 1743 virtus
548 1691 698 1744 amicitiam
713 1694 743 1743 ct
759 1691 847 1757 gignit
860 1694 888 1743 et
906 1690 990 1743 conti-

137 1771 196 1833 net,
217 1785 268 1822 330
288 1769 346 1820 3130
365 1769 469 1821 virtuto
492 1767 611 1820 amicitia
635 1784 695 1820 esse
718 1767 774 1819 ullo
794 1769 875 1835 paeto
892 1770 991 1835 potest.
1027 1750 1032 1819 1

139 1851 180 1897 21.
204 1845 269 1897 Jam
287 1844 419 1898 virtutem
439 1861 473 1897 cx
493 1843 688 1896 consuetudine
709 1843 783 1896 vitae
806 1817 1028 1911 sermonisqued
1098 1881 1100 1886 -

137 1919 225 1971 nostri
232 1919 451 1988 interpretemur,
459 1937 510 1972 nce
519 1935 587 1986 cam,
595 1923 627 1972 ut
637 1919 747 1987 quidam
757 1919 840 1986 docti,
847 1919 991 1972 verborum

137 1994 339 2061 magnificentia
345 1996 504 2059 metiamur3
516 1995 642 2062 virosque
651 1996 735 2048 bonos
743 1997 846 2065 eosqui
855 1997 993 2050 habentur

45 2091 47 2094 ·
137 2087 319 2137 numeremus,
332 2071 447 2138 Paullos,
464 2071 588 2136 0310303,
607 2071 706 2139 Gallos,
724 2073 870 2140 Scipiones,
884 2073 990 2127 Philas:

138 2145 182 2198 his
191 2147 340 2198 communis
348 2146 404 2199 vita
412 2149 541 2199 00313313
550 2150 593 2199 331
603 2168 608 2199 ;
621 2162 668 2198 003
677 2151 769 2200 autem
779 2149 936 2202 omittamus
946 2151 992 2217 qui

139 2221 249 2274 omnino
264 2238 397 2289 nusquam
416 2222 597 2289 reperiuntur.
633 2221 711 2275 Tales
727 2223 811 2290 igitur
830 2224 902 2277 inter
921 2226 993 2279 viros

139 2296 260 2350 amicitia
275 2301 367 2350 tantas
383 2297 603 2365 opportunitates
619 2296 704 2351 habet
724 2303 839 2366 quantas
858 2301 904 2353 vix
923 2318 992 2369 0300

139 2373 239 2428 dicere.
274 2379 315 2426 22.
334 2373 478 2441 Principio,
492 2373 539 2442 031
550 2376 644 2442 potest
656 2390 716 2427 0333
735 2375 791 2428 vita
799 2377 897 2443 vitalis,
909 2383 941 2432 ut
953 2380 993 2432 ait

139 2448 252 2516 Ennius,
265 2466 335 2518 quae
347 2465 401 2502 non
413 2449 441 2501 in
454 2450 533 2503 amici
545 2453 641 2504 mutua
652 2449 843 2505 benevolentia
855 2457 993 2522 conquies-

139 2527 203 2580 catl
241 2525 313 2591 Quid
324 2526 430 2579 dulcius
443 2538 525 2593 quam
536 2525 640 2580 habere
657 2528 766 2596 quicum
783 2531 873 2583 omnia
890 2531 993 2585 audeas

139 2602 179 2655 sic
193 2601 268 2670 loqui
281 2606 313 2656 ut
329 2605 440 2656 tecuml
477 2602 544 2667 Quis
563 2606 636 2657 esset
653 2607 747 2657 tantus
765 2605 871 2660 fructus
888 2607 917 2659 13
932 2625 993 2675 pro

140 2677 227 2746 speris
244 2677 334 2743 rebus,
353 2679 404 2732 uisi
422 2677 543 2742 ¹haberes
567 2680 615 2746 031
638 2679 692 2732 11113
714 2697 802 2748 33033
825 2699 856 2735 30
879 2687 911 2736 13
934 2685 994 2752 ipse

139 2753 290 2821 gauderet?
326 2755 467 2809 Adversas
484 2772 549 2809 vero
570 2755 643 2809 ferre
663 2756 772 2810 difficile
793 2763 866 2812 essct
879 2759 937 2812 sine
961 2777 993 2814 co

35 2882 40 2886 .
140 2829 189 2898 qui
200 2829 259 2882 11133
268 2831 378 2898 gravius
390 2832 474 2885 etiam
485 2849 567 2902 quam
577 2835 608 2885 tu
620 2833 712 2886 ferret,
749 2833 875 2902 Denique
885 2840 994 2892 ceterae

139 2922 185 2959 ros
208 2923 278 2974 quae
299 2911 467 2976 expetuntur
485 2911 655 2976 opportunae
679 2913 743 2962 sunt
766 2911 888 2978 singulae
911 2911 995 2965 rebus

138 2983 197 3036 fere
212 2982 326 3049 singulis
337 3004 343 3048 ;
356 2983 468 3037 divitiae
480 2987 511 3037 ut
523 2987 603 3038 utare
614 3005 620 3049 ;
631 3001 697 3053 opes
708 2989 741 3039 ut
757 2987 864 3051 colare;
879 2986 995 3040 honores

138 3061 172 3110 31
184 3057 295 3111 laudere
306 3079 312 3124 ;
324 3059 478 3128 voluptates
494 3063 526 3114 ut
544 3061 684 3128 gaudeas;
700 3062 828 3116 valetudo
849 3065 880 3114 ut
901 3061 995 3116 dolore

139 3149 233 3187 careas
256 3138 286 3188 et
309 3136 467 3190 muneribus
495 3137 611 3202 fungare
639 3138 774 3205 corporis:
798 3136 922 3205 ¹amicitia
949 3154 994 3191 res

140 3207 271 3278 plurimas
292 3211 420 3264 continet.
467 3213 582 3281 Quoquo
604 3214 634 3266 13
655 3212 771 3266 verteris
799 3215 909 3280 praesto
932 3217 994 3268 est:
