2242 3542
107 94 155 141 134
421 93 471 159 nn
488 90 640 143 orsrcns

106 166 178 229 Duri
201 176 276 230 enim
297 176 420 229 hominis
440 178 486 231 vel
509 176 606 246 potius
627 174 676 228 vix
699 173 821 227 hominis
840 174 952 228 videtur

105 256 260 327 periculum
272 257 374 326 capitis
387 257 488 310 inferre
502 256 606 311 multis.
643 256 677 307 Id
690 272 754 308 cum
766 255 953 324 periculosum

105 338 161 408 ipsi
176 344 217 390 est
229 343 290 390 tum
304 338 391 390 etiam
405 338 553 391 sordidum
568 338 605 391 ad
617 336 720 390 famam
736 336 953 389 committerent

105 426 249 471 accusator
268 418 425 472 nominare:
446 420 523 487 quod
543 418 663 487 contigit
681 419 718 470 M.
732 418 828 485 Bruto,
844 433 953 471 summo

105 515 205 567 genere
220 503 295 566 nato,
308 498 385 551 illius
396 498 463 567 filio,
477 499 527 567 qui
538 498 608 551 iuris
623 498 715 552 civilis
730 498 760 550 in
773 498 870 568 primis
882 498 954 567 peri·

105 586 151 631 tus
162 578 225 633 fuit.
263 581 306 631 51.
327 579 423 648 Atque
436 578 520 631 etiam
532 580 587 632 hoc
599 584 779 648 praeceptum
792 577 877 642 officii
890 578 953 631 dili-

52 661 54 666 ’
104 665 204 727 genter
224 660 377 713 tenendum
397 664 447 727 est,
463 676 499 712 ne
520 676 603 727 quem
623 675 755 726 umquam
775 659 953 711 innocentem

105 739 214 792 iudicio
227 740 329 809 capitis
341 755 475 793 arcessas:
490 740 521 792 id
534 740 610 792 enim
622 738 682 792 sine
695 741 796 792 scelere
806 738 865 791 fien'
874 739 953 791 nullo

106 825 190 889 pacto
208 826 309 890 potest.
346 822 421 874 Nam
439 820 510 889 quid
528 828 571 872 est
589 824 647 873 tarn
665 820 849 873 inhumanum
868 834 953 887 quarn

106 901 296 969 eloquentiam
312 918 328 953 a
342 906 442 954 natura
457 900 493 953 ad
509 902 626 953 salutem
641 900 785 953 hominum
798 899 874 953 etad
887 915 953 951 con·

106 982 295 1035 servationem
310 982 406 1034 datam
422 978 459 1034 ad
471 981 609 1033 bonorum
623 986 731 1050 postem
745 980 952 1049 perniciemque

106 1064 287 1116 converteret
324 1062 385 1115 Nec
402 1067 504 1128 tamen,
517 1066 550 1113 ut
566 1061 621 1113 hoc
637 1060 802 1129 fugiendum
821 1066 871 1128 est,
884 1060 953 1113 item

105 1148 148 1194 est
162 1143 323 1195 habendum
336 1142 467 1210 religioni
480 1145 628 1194 nocentem
644 1141 804 1208 aliquande,
818 1141 902 1193 modo
917 1158 953 1194 ne

106 1220 242 1274 nefarium
254 1222 437 1291 impiumque,
448 1220 606 1275 defendere.
642 1222 711 1276 Vult
723 1221 777 1273 hoc
789 1221 952 1288 multitudo,

106 1301 214 1371 patitur
226 1302 409 1369 consuetudo,
421 1302 476 1354 fert
489 1302 574 1355 etiarn
586 1301 752 1355 humanitas.
789 1300 896 1354 Iudicis
911 1306 953 1353 est

107 1397 217 1450 semper
234 1382 265 1434 in
284 1382 375 1435 causis
387 1398 484 1434 verum
502 1381 588 1450 sequi,
602 1382 714 1451 patroni
729 1398 785 1433 non
800 1396 953 1447 numquam

106 1461 166 1513 veri
178 1460 276 1528 simile,
290 1462 375 1515 etiam
387 1464 412 1514 si
424 1462 516 1514 minus
528 1463 565 1514 sit
577 1479 681 1529 verum,
692 1461 855 1515 defendere:
875 1462 953 1529 quod

106 1542 235 1608 scribere,
254 1543 417 1611 praesertim
441 1558 506 1595 cum
530 1543 566 1594 de
590 1542 771 1612 philosophia
795 1542 951 1610 scriberem,

106 1638 165 1674 non
185 1623 324 1689 auderem,
342 1622 398 1674 nisi
418 1622 495 1681 idern
515 1624 637 1691 placeret
660 1622 824 1691 gravissimo
847 1622 952 1675 Stoico

107 1718 168 1753 rum
190 1702 334 1755 Panaetio.
371 1702 494 1755 Maxime
515 1706 609 1755 autem
631 1712 659 1755 et
683 1703 773 1771 gloria
793 1702 901 1771 paritur
924 1708 953 1755 et

107 1781 199 1850 gratia
219 1780 428 1834 defensionibus
447 1798 535 1850 eoque
555 1782 651 1849 maior,
669 1782 693 1834 si
713 1784 827 1850 quando
848 1782 953 1835 accidit

73 1897 77 1905 .
107 1865 140 1913 ut
153 1861 180 1913 ei
191 1861 381 1930 subveniatur,
394 1862 445 1929 qui
456 1862 581 1930 potentis
593 1862 712 1915 alicuius
724 1862 825 1931 opibus
837 1862 953 1914 circum-

107 1941 197 1995 veniri
218 1942 387 2011 urguerique
406 1941 543 2007 videatur,
560 1948 593 1994 ut
614 1958 665 1994 nos
687 1947 714 1993 et
734 1958 816 2010 saepe
837 1942 904 1994 alias
924 1946 953 1995 et

106 2023 297 2077 adolescentes
309 2029 407 2076 contra
418 2024 448 2077 L.
459 2025 552 2076 Sullae
566 2023 737 2075 dominantis
748 2040 815 2092 opes
824 2040 875 2092 pro
888 2023 950 2078 Sex.

107 2105 210 2157 Roscio
222 2104 355 2158 Amerino
367 2104 492 2172 fecimus,
506 2120 586 2171 quae,
599 2109 631 2156 ut
643 2102 704 2169 scis,
718 2109 809 2156 exstat
822 2103 918 2157 oratio

142 2186 205 2239 XV.
242 2188 285 2239 52.
306 2185 361 2238 Sed
377 2184 512 2254 expositis
530 2184 750 2237 adolescentium
765 2183 863 2247 officiis
881 2200 952 2253 quae

107 2265 220 2317 valeant
238 2264 276 2317 ad
294 2264 413 2333 gloriam
431 2264 650 2334 adipiscendam,
667 2264 798 2333 deinceps
818 2265 853 2317 de
871 2264 952 2317 bene·

106 2344 219 2397 ficentia
242 2361 275 2397 ac
300 2345 336 2397 de
359 2345 527 2397 liberalitate
551 2345 703 2397 dicendum
728 2350 786 2398 est:
809 2345 887 2397 cuius
911 2350 953 2399 est

92 2424 179 2482 ,ratio
198 2424 313 2493 duplex,
350 2426 423 2477 Nam
442 2429 491 2477 aut
509 2442 594 2494 opera
612 2425 733 2495 benigne
751 2425 783 2477 fit
801 2425 952 2495 indigenti·

107 2506 160 2557 bus
181 2509 230 2558 aut
250 2505 375 2574 pecunia.
419 2504 542 2557 Facilior
562 2508 605 2558 est
624 2506 694 2558 baec
714 2506 858 2575 posterior,
878 2506 953 2557 locu·

105 2586 176 2655 pleti
188 2585 359 2654 praesertim,
373 2586 423 2637 sed
435 2584 484 2637 illa
497 2585 599 2637 lautior
614 2601 646 2639 ac
662 2585 837 2655 splendidior
851 2590 879 2637 et
891 2585 952 2636 viro

82 2653 173 2725 bforti
191 2667 323 2733 claroque
342 2665 464 2735 dignior.
502 2667 677 2733 Quamquam
696 2667 770 2718 eninr
787 2666 815 2717 in
833 2671 951 2734 utroque

106 2747 179 2799 inest
200 2746 379 2814 gratificandi
399 2746 521 2798 liberalis
541 2748 678 2813 voluntas,
694 2750 787 2799 tamen
810 2748 895 2798 altera
916 2762 952 2797 ex

107 2841 178 2892 arca,
196 2827 284 2878 altera
305 2843 339 2878 ex
357 2826 461 2879 virtute
483 2826 665 2894 depromitur,
683 2825 861 2893 largitioque,
880 2842 952 2892 quae

106 2905 139 2956 fit
151 2921 185 2957 ex
201 2922 230 2957 rc
244 2904 383 2971 familiari,
394 2906 499 2957 fontem
512 2906 604 2973 ipsum
618 2904 800 2973 benignitatis
813 2905 951 2959 exhaurit.

107 2985 151 3037 Ita
165 2984 340 3054 benignitate
360 2984 519 3052 benignitas
535 2984 651 3050 tollitur,
665 3000 721 3051 qua
739 3000 795 3052 quo
813 2984 843 3035 in
858 2986 952 3053 plures

107 3079 173 3118 usus
191 3064 237 3134 sis,
252 3081 286 3118 eo
304 3064 396 3119 minus
414 3064 445 3116 in
462 3065 567 3118 multos
586 3063 629 3116 uti
647 3064 744 3133 possis.
781 3067 824 3119 53.
843 3066 884 3118 At
902 3064 952 3133 qui
