2242 3542
119 147 161 195 62ἰ
431 141 480 195 DE
497 144 649 195 urricus

120 234 192 288 7-18,
203 228 216 289 ξ
229 234 318 291 20-60,
331 231 420 279 deinde
431 232 462 279 de
474 232 619 279 fortitudine
629 230 714 289 tradit,
724 244 777 293 cap.
789 228 899 290 18-26‚§
912 232 964 279 61-

119 298 159 355 92,
173 297 279 359 denique
292 298 322 344 de
335 297 499 357 temperantia
511 306 536 345 et
546 297 643 356 decore,
654 296 721 357 quod
733 311 789 342 cum
801 310 832 343 ea
843 295 961 343 coniunc⁴

119 370 173 408 tum
191 362 231 421 sit,
243 362 302 421 agit,
316 376 369 421 cap.
381 360 496 419 2742&
513 364 618 409 93-151.
652 362 784 409 Postremo
801 360 963 411 honestorum

118 424 184 473 inter
195 441 221 473 se
233 428 445 489 comparationem
457 426 573 486 instituit,
585 438 638 489 cap.
650 429 739 485 43-45,
751 425 765 485 §
780 429 901 475 raa-160.

154 553 174 607 I.
202 556 224 606 1.
243 554 420 621 Quamquam
438 558 474 622 te,
487 554 581 606 Marce
596 554 645 621 lili,
658 570 762 606 annum
777 553 833 605 iam
848 552 964 606 audien·

118 639 175 685 tern
191 634 357 703 Cratippum
369 633 455 701 idque
468 634 589 685 Athenis
604 634 746 686 abundare
761 637 872 701 oportet
883 648 964 701 prae·

118 714 207 783 ceptis
226 714 417 783 institutisque
433 714 631 783 philosophiae
649 721 763 783 propter
780 730 917 766 summam
933 719 964 767 et

118 793 242 847 doctoris
252 782 448 846 auctoritatem
458 801 486 847 et
496 794 581 862 urbis,
592 811 712 861 quorum
723 796 793 851 alter
802 799 830 845 te
843 793 964 846 scientia

118 891 220 944 augere
233 880 335 945 potest,
347 876 433 928 altera
447 876 590 945 exemplis,
600 880 702 942 tamen,
713 881 745 927 ut
753 874 813 944 ipse
823 876 860 927 ad
869 892 963 927 meam

118 956 270 1010 utilitatem
284 974 392 1025 semper
405 973 468 1009 cum
482 957 596 1009 Graecis
608 957 710 1009 Latina
722 956 857 1009 coniunxi
869 974 963 1025 neque

117 1036 149 1089 id
164 1037 194 1089 in
209 1038 390 1107 philosophia
406 1038 505 1105 solum,
518 1037 568 1089 sed
583 1037 668 1089 etiam
681 1037 713 1088 in
728 1036 842 1089 dicendi
857 1038 963 1089 exerci-

117 1116 224 1169 tatione
240 1117 301 1185 feci,
316 1117 392 1169 idem
405 1117 459 1169 tibi
475 1134 574 1171 censeo
589 1117 758 1184 faciendum,
767 1122 799 1170 ut
811 1134 862 1186 par
878 1117 915 1169 sia
928 1118 961 1170 in

117 1198 262 1265 utriusque
282 1196 417 1249 orationis
431 1197 572 1251 facultate.
611 1198 701 1263 Quam
716 1197 830 1265 quidem
848 1198 961 1250 adrem

116 1294 175 1345 nos,
187 1284 218 1329 ut
233 1276 369 1346 videmur,
384 1294 517 1347 magnum
537 1278 682 1331 attulimus
700 1277 891 1330 adiumentum
911 1278 961 1330 ho

117 1359 239 1413 minibus
257 1358 367 1428 nostris,
384 1364 416 1412 ut
434 1376 492 1411 non
512 1360 598 1411 modo
617 1360 784 1411 Graecarum
804 1358 960 1411 litterarum

116 1440 206 1509 rudes,
220 1440 269 1493 sed
280 1440 364 1492 etiam
374 1440 452 1493 ‹loct-i
466 1440 642 1507 aliquantum
655 1456 683 1492 se
696 1440 865 1492 arbitrentur
874 1440 959 1507 adep·
1023 1465 1027 1470 ·

116 1526 160 1573 tos
178 1526 206 1573 et
222 1522 259 1574 ad
275 1520 427 1573 dicendum
443 1521 523 1573 etad
542 1520 733 1574 iudicandum.
772 1523 795 1573 2.
812 1520 901 1585 Quam
921 1521 959 1571 ob

116 1617 172 1653 rem
184 1602 275 1653 disces
285 1606 316 1652 tu
330 1601 445 1668 quidem
458 1618 475 1653 a
487 1600 615 1671 principe
628 1600 712 1653 huius
724 1600 824 1652 aetatis
835 1600 960 1669 philoso-

116 1682 235 1750 phorum
249 1686 276 1733 et
290 1680 379 1733 disces
393 1698 476 1749 quam
490 1682 539 1734 diu
553 1684 638 1749 voles,
649 1689 707 1733 tam
720 1680 769 1733 diu
780 1687 874 1733 autem
887 1682 958 1734 velle

116 1762 239 1828 debebis,
254 1762 348 1829 quoad
367 1767 395 1813 tc
414 1768 551 1829 quantum
570 1762 699 1831 proficias
718 1779 774 1814 non
793 1762 958 1831 poenitebit.

117 1842 171 1895 Sed
187 1847 281 1894 tamen
300 1847 394 1894 nostra
409 1843 505 1912 legens
524 1860 581 1895 non
596 1846 716 1897 multum
732 1863 748 1897 a
763 1845 959 1915 Peripateticis

116 1922 289 1991 dissidentia,
301 1923 432 1991 quoniam
447 1924 565 1992 utrique,
576 1926 711 1979 Socratici
721 1930 749 1978 et
757 1928 958 1995 Platonici,vo

115 2006 206 2058 lumus
220 2022 284 2074 csse,
295 2006 330 2057 de
341 2006 422 2058 rebus
434 2004 503 2075 ipsis
513 2010 590 2058 utere
600 2011 649 2059 tuo
659 2006 874 2060 iudicio—nihil
884 2008 957 2061 enim

115 2085 429 2157 impedio—orationem
450 2092 543 2139 autern
562 2088 693 2141 Latinam
712 2088 814 2142 efficies
832 2090 957 2157 profecto

115 2168 243 2237 legendis
256 2170 358 2222 nostris
371 2172 531 2263 pleniorem
570 2173 630 2224 Nec
643 2188 710 2224 vero
723 2172 778 2223 hoc
790 2172 958 2262 adroganter
992 2205 996 2212 ·

96 2248 223 2332 dictum
243 2250 395 2302 existimari
411 2252 502 2305 velim
541 2252 616 2304 Nam
631 2251 853 2322 philosophandi
873 2251 958 2303 scien-

96 2300 183 2381 tiam
203 2330 360 2383 concedens
382 2332 487 2399 multis,
506 2334 585 2400 quod
605 2338 648 2385 est
668 2333 785 2385 oratoris
807 2332 957 2405 proprium,

96 2390 187 2477 iapte,
199 2409 256 2461 dist
245 2410 339 2477 tincto,
351 2419 446 2463 ornate
463 2375 555 2464 dicere
557 2412 707 2480 ,quoniam
720 2412 748 2463 in
763 2428 796 2464 eo
809 2412 903 2464 studio
916 2428 959 2463 ae·—

115 2496 202 2541 tatem
224 2491 391 2559 consumpsi,
406 2492 429 2543 si
448 2492 480 2545 id
499 2493 568 2544 mihi
589 2495 716 2560 adsumo,
730 2493 829 2546 videor
847 2493 878 2544 id
896 2508 959 2544 meo

115 2570 174 2622 inre
188 2572 312 2639 quodam
325 2573 411 2625 modo
421 2572 573 2626 vindicare.
606 2576 630 2627 3.
642 2575 732 2640 Quam
743 2575 847 2625 obrem
856 2588 958 2641 magno

116 2668 199 2720 opere
220 2657 248 2704 te
269 2653 374 2719 hortor,
391 2654 430 2705 mi
452 2654 557 2721 Cicero,
575 2659 607 2706 ut
628 2671 685 2706 non
708 2656 797 2705 solum
820 2652 959 2705 orationes

116 2749 197 2800 meas,
209 2735 259 2787 sed
269 2734 321 2786 hos
335 2734 419 2787 etiam
433 2735 467 2787 de
480 2734 662 2805 philosophia
672 2734 766 2801 libros,
778 2734 826 2802 qui
836 2734 892 2785 iarn
902 2733 959 2785 illis

115 2813 171 2865 fere
186 2820 348 2882 aequarunt,
358 2815 483 2867 studiose
496 2816 581 2884 legas.
613 2816 664 2869 Vis
676 2814 751 2866 enim
763 2814 851 2865 maior
860 2814 890 2865 in
902 2814 960 2865 illis

117 2892 240 2961 dicendi,
258 2895 306 2946 sed
327 2896 380 2946 lroc
401 2912 512 2963 quoque
533 2896 684 2947 colendum
705 2899 747 2945 est
766 2894 912 2959 aequabile
931 2900 960 2945 et

117 2978 300 3041 temperatum
322 2974 455 3025 orationis
474 2991 571 3042 genus.
608 2976 646 3025 Et
663 2974 695 3025 id
718 2972 832 3040 quidem
854 2974 959 3026 nemini

117 3052 284 3104 Graecorum
304 3053 388 3105 video
407 3054 500 3105 adhuc
520 3053 726 3122 contigissent
744 3051 820 3103 idem
839 3058 959 3121 utroque

116 3130 146 3180 in
160 3148 261 3199 genere
275 3134 427 3185 elaboraret
440 3138 654 3201 sequereturque
667 3136 695 3184 et
707 3132 779 3183 illud
792 3130 901 3184 forense
918 3133 958 3184 di
