2242 3542
21 2 516 99 &salmanassar
530 2 673 94 atu*-

155 136 186 188 to
468 135 517 183 Dii
534 134 687 183 omens

153 220 270 293 perfuga
280 220 388 275 senatui
398 224 440 274 est
449 218 593 289 pollicitus
602 235 631 272 se
641 234 780 271 venenum
791 219 852 287 regi
864 218 1006 271 daturum

153 308 182 355 et
201 320 264 355 eum
282 306 453 369 necatumm,
469 305 581 353 senatus
600 303 629 352 et
646 300 676 353 O.
690 298 836 352 Fabricius
850 298 1006 369 perfugam

154 385 262 452 Pyrrho
279 374 400 436 dedidit.
438 382 482 434 lta
497 398 532 433 ne
546 380 638 432 hostis
656 379 772 448 quidem
788 385 816 432 et
831 380 956 449 potentis
972 386 1005 433 et

155 466 259 517 bellum
276 465 351 527 ultro
370 461 514 515 inferentis
532 460 677 513 interitum
695 477 760 513 cum
777 462 879 515 scelere
898 478 1004 530 appro-

155 545 252 613 bavit]
284 546 327 598 41.
342 545 384 595 Ac
398 543 433 595 de
446 541 554 595 bellicis
568 540 684 608 quidem
695 540 795 594 officiis
808 541 875 594 satis
888 541 1003 594 dictum

153 632 203 679 est.
241 625 448 678 Meminerimus
464 628 556 675 autem
572 622 657 675 etiam
671 622 804 674 adversus
818 621 929 674 infimos
942 622 1003 675 ius-

130 652 138 754 l
152 704 246 759 titiam
258 722 317 759 esse
333 705 505 760 servandam.
542 704 595 755 Est
607 707 701 755 autem
715 702 812 755 infima
826 701 957 755 condicio
971 712 1003 756 et

152 786 264 840 fortuna
277 802 425 853 servorum,
438 784 540 853 quibus
553 800 609 835 non
622 784 695 836 male
707 782 883 853 praecipiunt
895 782 946 850 qui
957 782 1002 835 ita

152 866 252 921 iubent
271 868 312 921 uti
332 876 364 921 ut
382 866 578 921 mercenariis:
600 881 713 935 operam
731 864 907 933 exigendam,
922 862 1001 916 iusta

153 950 322 1016 praebenda.
358 951 429 1002 Cum
444 954 536 1002 autern
551 946 663 999 duobus
681 945 781 1011 modis,
793 944 826 998 id
840 949 889 1012 est,
902 951 950 996 aut
967 944 1001 997 vi

153 1037 202 1081 aut
216 1030 314 1084 fraude
329 1030 377 1083 fiat
392 1030 501 1097 iniuria,
514 1028 590 1081 fraus
605 1026 686 1095 quasi
699 1027 871 1095 vulpeculae,
884 1025 927 1079 vis
941 1025 1000 1078 leo
1103 1021 1104 1024 ’

153 1109 197 1160 nis
207 1110 335 1163 videtur:
355 1115 504 1178 utrumque
516 1108 631 1161 homine
645 1106 852 1174 alienissimum,
862 1107 910 1158 sed
920 1104 999 1159 fraus

153 1190 221 1242 odio
234 1190 323 1260 digna
335 1191 445 1244 maiore.
474 1190 574 1243 Totius
587 1193 681 1242 autem
697 1186 850 1240 iniustitiae
864 1187 941 1239 nulla
953 1203 998 1239 ca·

67 1281 79 1327 „⁴
153 1269 267 1339 pitalior
285 1287 369 1339 quam
388 1287 490 1339 eorum,
506 1270 555 1338 qui
574 1274 642 1337 tum,
659 1285 723 1321 cum
744 1267 864 1327 maxime
886 1266 999 1336 fallunt,
1028 1284 1032 1289 ·
1103 1297 1104 1342 3

153 1352 186 1405 id
199 1359 288 1422 agunt
300 1358 332 1405 ut
344 1352 398 1405 viri
412 1352 479 1405 boni
492 1368 550 1404 esse
563 1351 718 1405 videantur.
756 1350 798 1401 De
810 1348 918 1401 iustitia
930 1348 1000 1402 satis

156 1434 264 1487 dictum
277 1440 325 1488 est.

189 1516 265 1569 XIV.
292 1516 334 1569 42.
351 1515 497 1584 Deinceps,
515 1519 548 1566 ut
566 1517 626 1566 erat
644 1511 826 1582 propositum,
843 1511 878 1563 de
895 1510 999 1563 benefi-
1103 1525 1105 1560 ν

154 1597 245 1649 centia
261 1613 293 1648 ae
308 1596 343 1648 de
356 1596 524 1648 liberalitate
541 1595 659 1661 dicatur,
670 1609 726 1661 qua
739 1591 855 1659 quidem
870 1590 943 1643 nihil
954 1598 998 1645 est
1103 1589 1105 1612 ³

155 1682 270 1729 naturae
281 1677 402 1729 hominis
413 1676 658 1741 accommodatius,
669 1675 718 1726 sed
728 1674 813 1726 habet
822 1674 924 1725 multas
933 1688 999 1725 cau·
1103 1669 1105 1708 ῗ

154 1757 252 1811 tiones.
285 1758 448 1811 Videndum
461 1762 502 1811 est
514 1758 597 1825 enim,
607 1757 727 1826 primum
739 1772 774 1807 ne
787 1754 860 1807 obsit
869 1752 1000 1822 benigni-

154 1843 197 1890 tas
217 1844 244 1890 et
262 1838 297 1891 iis
314 1838 391 1907 ipsis,
407 1838 509 1906 quibus
525 1838 648 1907 benigne
666 1836 810 1891 videbitur
827 1834 894 1902 fieri,
908 1840 936 1886 et
954 1849 998 1887 oe-

153 1918 229 1988 teris,
243 1919 345 1971 deindo
362 1936 396 1971 ne
412 1919 500 1972 maior
515 1919 675 1988 benignitas
691 1918 728 1969 sit
743 1933 827 1985 quam
842 1916 998 1983 facultates,

154 2008 213 2051 tum
233 2006 264 2052 ut
284 2016 335 2069 pro
354 2000 493 2069 (lignitate
509 2000 610 2068 cuique
625 1999 771 2051 tribuatur.
809 1997 844 2049 Id
862 1996 936 2049 enim
954 2002 999 2049 est

154 2081 277 2133 institiae
296 2081 518 2149 fundamentum,
532 2082 569 2132 ad
585 2096 669 2147 quam
687 2080 756 2131 haec
774 2077 917 2130 referenda
931 2082 998 2129 sunt

155 2163 255 2215 omnia.
294 2164 367 2215 Num
383 2162 472 2228 etqui
486 2161 679 2229 gratificantur
694 2159 816 2228 cuipiam
826 2159 909 2226 quod
922 2157 998 2210 obsit

153 2240 205 2309 illi,
219 2243 264 2295 cui
283 2242 415 2311 prodesse
433 2243 504 2293 velle
524 2241 681 2306 videantur,
696 2257 753 2293 non
770 2239 888 2292 benefici
906 2255 998 2306 neque

155 2320 290 2387 liberales,
300 2322 349 2373 sed
362 2321 510 2389 perniciosi
527 2322 718 2373 adsentatores
732 2319 879 2373 iudicandi
892 2324 997 2371 suntet

154 2402 203 2471 qui
223 2402 286 2454 aliis
305 2406 415 2469 nocent,
431 2406 463 2453 ut
482 2402 512 2452 iu
533 2402 603 2453 alios
623 2402 750 2453 liberales
769 2400 834 2466 sint,
849 2400 878 2451 in
899 2399 997 2451 eadem

154 2488 217 2534 sunt
237 2481 383 2549 iniustitia,
400 2485 432 2533 ut
450 2481 473 2532 si
491 2482 521 2533 in
540 2497 620 2533 suam
639 2497 696 2533 rem
714 2480 805 2533 aliena
823 2482 996 2534 convertant.

155 2566 195 2617 43.
214 2563 284 2614 Sunt
299 2566 392 2614 autern
407 2562 489 2613 multi
504 2567 532 2613 et
548 2562 664 2629 quidem
679 2560 777 2629 cupidi
792 2559 952 2628 splendoris
966 2566 996 2613 et

153 2642 268 2711 gloriae,
282 2642 331 2711 qui
345 2642 469 2711 eripiunt
489 2642 551 2694 aliis
570 2642 649 2709 quod
667 2641 729 2693 aliis
745 2639 907 2709 largiantur,
920 2639 995 2707 iique

153 2723 325 2775 arbitrantur
343 2738 370 2775 se
389 2723 526 2775 beneficos
545 2723 577 2774 in
597 2738 662 2774 suos
684 2721 787 2774 amicos
805 2721 897 2775 visum
915 2720 957 2787 iri,
972 2716 993 2773 sl

153 2805 325 2874 locupletent
339 2820 385 2856 eos
398 2820 574 2871 quacumque
587 2802 703 2854 ratione.
734 2803 768 2854 Id
781 2807 874 2853 autem
887 2805 993 2853 tantum

154 2886 232 2936 abest
247 2885 282 2935 ab
297 2883 397 2949 officio,
411 2888 442 2934 ut
457 2882 528 2934 nihil
544 2882 635 2950 magis
650 2880 742 2933 officio
757 2880 846 2948 possit
860 2897 917 2933 esse
933 2896 993 2933 con·

138 2965 277 3018 titatium.
314 2962 477 3016 Videndum
495 2970 536 3013 est
551 2962 642 3029 igitur
656 2965 689 3012 ut
703 2977 736 3013 ea
751 2960 919 3012 liberalitate
937 2966 992 3013 uta-

139 3060 222 3108 mur,
241 3058 312 3110 quae
332 3042 420 3110 prosit
441 3042 545 3106 amieis,
562 3045 664 3093 noceat
683 3040 795 3092 nemini.
834 3040 895 3105 Qua
916 3057 946 3092 re
964 3042 991 3092 L

156 3124 248 3175 Sullae
267 3123 297 3174 C.
312 3120 435 3174 Caesaris
450 3120 634 3189 pecuniarum
649 3118 796 3172 translatio
815 3134 832 3169 a
846 3119 929 3170 iustis
948 3120 991 3171 do
1008 3101 1103 3169 NJ
