2242 3542
266 146 509 207 mn.111.,cAr.
527 144 760 205 xxvi-xxix„
778 142 912 203 §aa-104.
930 111 932 117 ’
966 146 1013 192 rae

168 231 299 302 publicae
318 230 513 283 conducebat?
535 232 629 297 potest
647 231 748 296 autem,
763 228 840 295 quod
854 226 954 279 inutile
974 226 1014 279 rei

168 312 300 382 publicae
312 312 357 379 sit,
369 310 401 364 id
414 309 545 378 cuiquam
558 308 614 362 civi
626 309 696 361 utile
709 310 786 361 esset

204 393 338 446 XXVIII.
358 393 525 445 Pervertunt
542 389 671 442 homines
690 406 729 457 ea,
743 406 814 457 quae
833 393 899 441 sunt
918 389 1013 442 funda·

168 481 263 527 menta
274 479 398 540 naturae,
407 488 471 526 cum
482 470 635 523 utilitatem
648 470 683 523 ab
694 471 839 523 honestate
854 470 1013 539 seiungunt.

170 557 274 608 Omnes
286 554 362 607 enim
373 552 531 622 expetimus
543 551 697 604 utilitatem
711 552 749 603 ad
762 567 878 619 eamque
891 551 1015 620 rapimur

169 652 222 689 nec
236 635 326 689 facere
342 634 424 687 aliter
438 634 497 685 ullu
512 633 599 685 modo
614 648 768 701 possumus.
806 633 880 685 Num
895 632 958 699 quis
974 637 1015 683 est

170 717 219 785 qui
238 716 320 769 utilia
334 715 446 783 fugisti
465 718 514 766 aut
529 712 593 781 quis
608 712 703 782 potius
719 712 768 779 qui
787 729 819 764 ea
837 728 894 764 non
909 711 1015 764 studio-

170 798 277 849 sissime
298 797 500 866 persequatur?
538 794 594 847 Sed
616 794 683 862 quia
707 810 846 862 nusquam
869 809 1015 863 possumus

170 878 224 931 nisi
244 878 275 929 in
293 877 384 945 laude,
401 877 509 943 decore,
524 876 671 929 honestate
689 874 772 927 utilia
790 874 917 944 reperire,
934 889 1015 943 prop·

170 964 245 1011 terea
253 958 303 1010 illa
315 962 343 1010 et
353 957 444 1026 prima
456 961 485 1009 et
498 972 606 1009 summa
618 956 760 1025 habemus,
769 956 901 1008 utilitatis
914 966 1015 1007 nomeu

170 1058 228 1093 non
240 1044 300 1092 tam
311 1038 494 1109 splendidum
504 1054 588 1105 quam
602 1036 786 1089 necessarium
797 1036 934 1089 ducimus.
956 1038 1014 1089 102.

97 1183 99 1188 ¹
171 1120 273 1188 “Quid
285 1124 328 1173 est
339 1119 428 1189 igitur
436 1121 450 1148 ”
460 1118 566 1171 dixerit
578 1118 641 1186 quis
651 1119 666 1147 “
675 1118 705 1171 in
716 1118 777 1171 iure
789 1118 909 1170 iurando
919 1118 928 1170 2
948 1132 1015 1168 num

170 1202 275 1255 iratum
292 1201 423 1254 timemus
436 1201 533 1253 Iovem
541 1196 569 1253 2³³
606 1199 646 1252 At
662 1198 717 1252 hoc
735 1198 851 1268 quidem
869 1213 1015 1251 commune

171 1288 214 1337 est
237 1282 363 1335 omnium
385 1280 629 1351 philosophorum,
650 1296 706 1333 non
731 1296 828 1333 eorum
852 1280 946 1347 m0d0,
967 1278 1016 1345 qui

171 1365 256 1417 deum
274 1363 346 1416 nihil
364 1363 467 1415 habere
486 1361 580 1431 ipsum
598 1360 707 1430 negotii
726 1360 833 1428 dicunt,
849 1360 920 1412 nihil
940 1359 1016 1412 exhi-

171 1445 237 1497 bere
251 1444 340 1512 alteri,
354 1444 405 1496 sed
419 1459 516 1496 eorum
534 1442 628 1510 etiam,
642 1441 692 1510 qui
707 1442 792 1495 deum
812 1458 920 1511 semper
935 1440 1016 1510 agere

172 1525 282 1593 aliquid
304 1530 332 1577 et
352 1524 445 1577 moliri
463 1525 570 1592 volunt,
587 1539 740 1591 numquam
761 1539 812 1576 nec
831 1523 913 1575 irasci
932 1524 1017 1575 deum

171 1621 223 1659 nec
242 1621 349 1657 nocere.
387 1604 463 1671 Quid
479 1609 572 1658 autem
591 1603 678 1657 iratus
693 1604 822 1673 Iuppiter
836 1606 899 1673 plus
918 1619 1017 1655 nocere

171 1686 309 1756 potuisset
322 1702 407 1755 quam
422 1685 521 1739 nocuit
533 1684 589 1738 sibi
600 1684 659 1755 ipse
672 1686 818 1755 Regulus?
837 1686 914 1737 nulla
929 1684 1018 1753 igitur

171 1767 215 1819 vis
229 1766 283 1819 fuit
298 1766 450 1837 religionis
462 1783 534 1834 quae
548 1770 656 1819 tantam
671 1766 823 1819 utilitatem
837 1771 1016 1835 perverteret.

171 1847 217 1899 An
232 1864 267 1899 ne
280 1848 401 1916 turpiter
413 1846 534 1899 faceret?
572 1846 697 1899 Primum
708 1848 723 1875 “
733 1846 848 1899 minima
862 1847 897 1898 de
910 1846 1016 1899 malis.”

172 1928 248 1980 Num
263 1926 352 1996 igitur
362 1930 474 1979 tautum
487 1925 555 1978 mali
568 1926 715 1995 turpitudo
730 1926 784 1979 ista
797 1926 919 1979 habebat
932 1942 1018 1993 quan-

173 2010 234 2059 tum
246 2006 294 2059 ille
307 2006 466 2059 cruciatusl
502 2005 613 2059 Deinde
626 2006 697 2058 illud
708 2006 793 2059 etiam
806 2007 884 2076 apud
892 2005 1017 2072 Accium,

595 2136 705 2194 Fregisti
718 2137 834 2182 fidem.-

281 2204 370 2261 Neque
383 2204 441 2249 dedi
454 2216 536 2261 neque
549 2205 583 2249 do
596 2205 692 2250 lnfidcli
706 2201 824 2261 cuiqnam
838 2240 843 2250 .
859 2240 864 2249 .
880 2239 885 2250 .

174 2340 344 2394 quamquam
359 2323 396 2376 ab
408 2322 496 2392 impio
512 2338 578 2391 rege
592 2322 704 2392 dicitur,
715 2324 856 2377 luculente
868 2327 962 2376 tamen
978 2322 1018 2375 di«

174 2406 254 2460 citur.
293 2407 352 2459 103.
368 2404 489 2456 Addunt
503 2403 597 2471 etiam,
609 2405 623 2431 “
633 2419 716 2472 quem
731 2404 896 2458 admodum
911 2422 962 2457 nos
978 2406 1019 2458 di-

173 2503 269 2540 camus
288 2484 380 2540 videri
402 2485 541 2552 quaedam
565 2483 647 2537 utilia
668 2501 740 2553 quae
763 2502 820 2538 non
845 2485 908 2554 sint,
927 2485 967 2539 sic
990 2502 1018 2538 se

174 2568 266 2621 dicere
282 2566 373 2622 videri
387 2566 526 2635 quaedam
541 2565 660 2618 honesta
675 2581 746 2633 quae
765 2582 822 2619 non
841 2566 904 2635 sint,
918 2571 949 2619 ut
964 2567 1019 2617 hoc

174 2648 267 2717 ipsum
289 2647 404 2700 videtur
427 2647 577 2699 honestum
604 2646 788 2699 conservandi
811 2646 880 2699 iuris
907 2646 1019 2699 iurandi

175 2721 259 2794 causa
277 2728 314 2780 ad
329 2726 484 2780 cruciatum
503 2726 656 2794 revertisse,
670 2727 720 2779 sed
735 2726 767 2778 fit
785 2742 843 2778 non
861 2727 1018 2789 honestum,

176 2808 249 2876 quia,
263 2808 341 2875 quod
359 2823 408 2876 per
424 2808 482 2859 vim
500 2806 625 2859 hostium
644 2810 715 2859 esset
735 2811 836 2874 actum,
849 2811 941 2859 ratum
961 2823 1018 2859 esse
1052 2832 1054 2837 v

176 2904 232 2940 uon
251 2886 338 2939 debui
352 2889 376 2939 .”
412 2887 534 2939 Addunt
553 2886 644 2951 etiam,
663 2886 829 2955 “quidquid
847 2888 931 2939 valde
952 2886 1019 2938 utile

176 2968 220 3035 sit,
233 2968 265 3021 id
279 2968 340 3020 fieri
358 2968 515 3033 honestum,
531 2967 616 3020 etiam
635 2967 659 3019 si
678 2972 760 3021 antea
778 2984 834 3020 non
851 2967 1018 3021 videretui·.'’

176 3050 253 3102 Haec
277 3049 335 3102 fere
361 3054 459 3101 contra
482 3050 630 3117 Regulum.
674 3049 729 3103 Sed
753 3048 843 3119 prima
867 3048 1019 3101 videamus.

177 3130 281 3183 XXIX.
321 3129 380 3182 104.
397 3130 412 3157 “
421 3129 487 3182 Non
500 3128 555 3181 fuit
568 3128 696 3199 Iuppiter
710 3129 875 3183 metuendus
887 3144 922 3179 ne
934 3128 1020 3180 iratus
