2242 3542
301 156 369 205 nra.
387 156 450 217 111„
465 157 543 205 cnr.
560 157 741 218 xx.-xxr1.‚
763 156 879 216 §ss-st.
966 160 1014 207 nr

171 239 302 293 nocturni
322 244 419 308 metus,
434 239 493 294 vita
511 240 679 294 insidiarum
695 241 939 312 periculorumque
956 242 1015 311 ple·

171 320 285 374 nissima
294 323 304 375 l

233 451 310 498 Multi
321 452 402 510 iniqui
413 452 489 511 utque
500 454 615 499 infideles
627 466 713 514 regno,
723 454 798 513 pauci
809 454 950 512 saalboni,

169 567 263 637 inquit
275 568 386 621 Accius.
425 569 464 621 At
479 568 525 622 eui
539 571 646 639 regnet
665 569 743 637 quod
759 586 776 621 a
790 570 909 621 Tantalo
924 574 952 621 et
964 571 1015 623 Pe·

170 651 234 719 lope
248 650 394 719 proditum
409 650 468 703 iure
485 650 671 703 obtinebatur.
709 650 783 703 Nam
799 655 905 717 quanto
921 653 1014 719 plures
1072 682 1076 687 ·

169 730 197 783 ei
208 732 269 800 regi
281 736 372 800 putas,
382 731 431 798 qui
444 731 568 783 exercitu
581 731 680 800 populi
689 730 810 783 Romani
822 733 960 801 populum
973 732 1014 801 ip·

170 828 231 865 sum
250 814 408 865 Romanum
429 811 611 880 oppressisset
631 812 830 879 civitatemque
851 828 909 863 non
929 813 1014 865 modo

169 894 294 961 liberam,
311 896 361 947 sed
380 894 465 947 etiam
484 894 619 963 gentibus
636 894 821 963 imperantem
839 895 942 948 servire
960 895 1014 948 sibi

170 974 326 1043 coegisset?
364 976 405 1027 85.
427 978 509 1026 Hunc
530 980 564 1028 tu
584 992 653 1043 quas
674 974 861 1028 conscientiae
884 976 960 1028 labes
981 976 1011 1027 in

170 1056 263 1107 animo
285 1070 378 1107 censes
398 1055 536 1124 hahuisse,
553 1072 624 1123 quae
643 1058 773 1110 vulnerat
811 1056 898 1109 Cuius
918 1063 1012 1109 autem

169 1135 232 1187 vita
246 1134 301 1204 ipsi
316 1139 410 1205 potest
425 1136 503 1189 utilis
517 1152 583 1203 esse,
595 1153 659 1190 eum
673 1137 733 1190 eius
745 1136 820 1191 vitae
835 1154 868 1189 ea
883 1137 1014 1189 condicio

170 1214 214 1283 sit,
225 1220 256 1267 ut
272 1216 319 1284 qui
334 1216 412 1269 illam
428 1217 559 1285 eripuerit
574 1217 605 1269 in
620 1217 743 1270 maxima
758 1223 787 1270 et
800 1217 892 1286 gratia
903 1217 1014 1269 futurus

170 1296 207 1349 sit
229 1301 257 1349 et
278 1297 387 1367 gloriat
424 1298 510 1364 Quod
531 1298 556 1349 si
577 1299 647 1350 haec
668 1298 749 1350 utilia
770 1314 828 1350 non
850 1303 923 1366 sunt,
943 1315 1014 1366 quae

169 1377 290 1430 maxime
306 1378 445 1443 videntur,
459 1379 526 1446 quia
541 1380 624 1447 plena
639 1382 705 1431 sunt
719 1378 865 1431 dedecoris
879 1395 913 1431 ae
927 1379 1013 1447 turpi-

169 1458 285 1524 tudinis,
306 1458 373 1511 satis
393 1475 554 1527 persuasum
576 1475 635 1511 esse
657 1460 743 1511 debet
763 1458 837 1511 nihil
856 1475 915 1511 esse
935 1460 1013 1527 utile,

170 1540 249 1606 quod
261 1555 319 1590 non
333 1540 481 1591 honestum
494 1540 538 1593 sit.
998 1586 1003 1590 .

204 1621 295 1673 XXII.
334 1623 376 1675 86.
393 1621 570 1688 Quamquam
589 1620 620 1673 id
636 1620 751 1689 quidem
766 1638 830 1673 cnm
846 1637 929 1691 saepe
946 1621 1014 1674 alias

169 1703 229 1753 tum
242 1700 344 1769 Pyrrhi
357 1700 431 1753 bello
446 1718 462 1753 a
475 1703 504 1754 Ο.
515 1701 646 1754 Fabricio
659 1704 774 1756 consule
786 1702 888 1755 iterum
903 1708 961 1755 eta
975 1720 1014 1755 se-

169 1787 237 1834 natu
257 1787 352 1834 nostro
370 1782 527 1836 iudicatum
548 1787 598 1835 est.
636 1784 706 1835 Cum
727 1784 804 1835 enim
823 1800 872 1835 rex
891 1784 1015 1851 Pyrrhus

169 1855 276 1931 populo
298 1864 425 1915 Romano
446 1863 552 1915 bellurn
578 1863 653 1914 ultro
673 1863 815 1915 intulisset
836 1879 956 1931 cumque
978 1864 1013 1915 de

170 1941 287 2009 imperio
300 1945 441 1993 certarnen
456 1948 528 1994 esset
540 1958 605 1994 cum
620 1958 685 2011 rege
700 1959 835 2010 generoso
851 1960 883 1995 ae
895 1945 1013 2011 potenti,

170 2020 287 2090 perfuga
302 2021 338 2073 ab
353 2037 386 2073 eo
399 2022 478 2074 venit
492 2021 522 2073 in
539 2027 630 2074 eastra
644 2022 768 2074 Fabricii
782 2022 867 2090 eique.
879 2029 921 2075 est
933 2024 1015 2092 polli-

171 2100 250 2167 citus,
261 2101 285 2153 si
300 2101 454 2170 praemium
470 2101 524 2153 sihi
536 2102 735 2172 proposuisset,
747 2118 783 2169 se,
795 2108 826 2156 ut
841 2105 913 2155 clam
925 2105 1014 2157 venis·

170 2187 219 2246 set,
230 2182 270 2235 sie
282 2183 354 2234 elam
367 2181 397 2234 in
409 2182 510 2250 Pyrrhi
523 2188 614 2234 eastra
626 2182 781 2237 rediturum
794 2188 822 2235 et
835 2199 897 2235 eum
907 2201 1014 2237 veneno

169 2270 341 2318 necaturum.
380 2265 462 2317 Hunc
477 2263 624 2316 Fabricius
643 2265 834 2317 reducendum
851 2266 960 2320 curavit
978 2268 1015 2320 ad

170 2345 308 2413 Pyrrhum
327 2344 415 2412 idque
437 2345 496 2397 eius
514 2345 622 2398 factum
641 2346 788 2398 laudatum
809 2363 825 2398 a
845 2353 943 2400 senatu
965 2355 1013 2402 est.

169 2426 260 2494 Atqui
278 2426 302 2478 si
322 2426 444 2495 speeiem
463 2425 595 2478 utilitatis
612 2426 829 2495 opinionemque
848 2428 1014 2495 quaerimus,

169 2523 303 2576 magnum
317 2506 391 2559 illud
404 2507 508 2559 bellum
523 2506 642 2575 perfuga
658 2524 729 2559 unus
746 2514 774 2560 et
788 2524 903 2577 gravem
918 2510 1015 2561 adver⁸

169 2588 271 2640 sarium
283 2587 396 2656 imperii
408 2588 575 2655 sustulisset,
584 2589 635 2640 sed
647 2604 780 2657 magnum
794 2589 916 2641 dedecus
928 2596 956 2642 et
967 2590 1014 2642 fla-

170 2667 280 2737 gitium,
294 2670 407 2737 quicum
426 2668 519 2721 laudis
534 2673 673 2721 certarnen
689 2668 794 2734 fuisset,
807 2687 871 2721 eum
890 2687 946 2721 non
962 2671 1014 2722 vir-

170 2753 238 2813 tute,
249 2748 298 2800 sed
314 2750 416 2801 scelere
431 2754 601 2817 superatum.
640 2751 682 2803 87.
699 2751 799 2803 Utrum
815 2750 904 2819 igitur
919 2751 1015 2803 utilius

170 2829 215 2879 vel
233 2828 370 2897 Fabricio,
390 2829 439 2897 qui
460 2830 525 2881 talis
547 2829 578 2881 in
599 2831 653 2883 hac
675 2830 744 2882 urbe
765 2832 855 2899 qualis
875 2831 1014 2883 Aristides

170 2908 291 2961 Athenis
305 2908 367 2975 fuit,
377 2911 422 2963 vel
438 2909 547 2963 senatui
565 2917 667 2979 nostro,
679 2911 728 2978 qui
742 2928 895 2980 numquam
910 2912 1015 2964 utilita-

170 2995 227 3042 tem
246 3006 263 3041 a
278 2989 419 3059 dignitate
438 2990 569 3056 seiunxit,
582 2991 667 3043 armis
682 3007 746 3043 cum
762 2992 841 3043 hoste
857 2997 961 3044 certare
979 3008 1014 3043 an

170 3068 303 3123 venenisl
341 3070 371 3123 si
383 3070 488 3139 gloriae
503 3087 586 3123 causa
598 3071 746 3141 imperium
760 3073 948 3141 expetendum
964 3077 1013 3140 est,

170 3151 261 3204 scelus
279 3150 361 3213 absit,
374 3150 403 3202 in
419 3167 475 3218 quo
494 3167 550 3203 non
569 3156 664 3221 potest
682 3168 741 3204 esse
759 3152 862 3222 gloria:
882 3152 926 3205 sin
938 3152 1014 3223 ipsae
