2242 3542
130 103 162 150 80
444 97 493 144 Du
511 93 663 146 OFFICIIS
717 89 723 99 ”

130 183 208 253 gatio
227 187 269 234 est
288 179 430 234 societatis
448 180 686 250 propinquorum:
706 177 743 229 ab
760 175 812 228 illa
829 180 905 226 enlm
922 188 976 224 rm

58 248 68 310 l
130 280 225 316 mensa
247 261 379 314 societate
398 260 513 312 humani
535 258 645 329 geneda
664 258 696 309 in
716 257 852 326 exiguum
873 270 972 323 angus

131 352 245 412 tumque
270 341 456 394 concluditur.
494 341 536 393 54.
553 341 627 392 Nam
651 355 715 390 cum
738 338 775 389 sit
796 338 850 388 hoc
874 341 975 387 nature

114 411 276 491 lcommune
290 421 481 488 animantium,
492 426 523 473 ut
536 421 658 472 habeant
668 419 817 470 libidinem
829 432 978 486 procrean-

116 500 170 567 idi,
181 499 271 569 prima
285 500 403 552 societas
417 499 448 552 in
462 499 525 569 ipso
543 497 676 566 coniugio
694 495 884 565 estproximo
898 495 930 546 in
945 493 978 546 li

116 570 212 648 lben's,
223 579 327 632 deinde
340 596 395 632 una
407 579 516 648 domus,
526 576 686 630 eommunia
699 576 801 630 omnia.
835 576 870 628 Id
883 579 984 631 autem

132 669 173 716 est
183 661 356 732 principium
371 660 449 714 urbis
462 665 490 713 et
500 660 582 730 quasi
593 660 771 713 seminarium
783 658 981 729 reipublicae.

133 745 294 812 Sequuntur
306 743 423 796 fratrum
436 741 657 807 coniunctiones,
667 746 733 811 post
746 740 983 794 consobrinorum

132 825 371 892 sobrinorumque,
391 823 440 893 qui
465 838 529 876 cum
553 839 610 875 una
637 822 722 874 domo
748 821 805 873 iam
831 821 895 889 capi
919 836 982 871 non

133 905 248 975 possint,
261 905 290 957 in
308 905 377 958 alias
396 905 494 958 domos
512 909 656 972 tamquam
674 903 703 955 in
722 902 847 955 colonias
864 907 981 954 exeunt.

134 988 295 1055 Sequuntur
316 986 458 1039 connubia
479 991 508 1038 et
528 985 695 1052 adfinitates,
712 1000 747 1036 ex
769 985 872 1052 quibus
891 982 982 1034 etiam

133 1069 227 1137 plures
241 1066 401 1135 propinqui.
440 1067 516 1132 Quae
532 1065 700 1135 propagatio
718 1069 747 1118 et
766 1065 878 1116 suboles
895 1063 981 1132 origo

79 1203 92 1228 v
117 1152 176 1223 qest
197 1162 288 1198 rerum
307 1145 491 1215 publicarum.
530 1147 682 1215 Sanguinis
702 1152 796 1199 autem
817 1144 981 1197 coniunctio

120 1227 331 1280 lbenevolentia
349 1226 476 1280 devincit
489 1227 619 1279 homines
637 1233 665 1279 et
680 1227 803 1280 caritate.
840 1229 883 1279 55.
899 1225 981 1294 Mag-

134 1325 203 1361 num
215 1313 257 1360 est
267 1308 341 1360 enim
355 1309 452 1361 eadem
465 1307 569 1360 habere
582 1312 761 1360 monumenta
774 1307 918 1373 maiorum,
927 1307 981 1358 eis-

136 1392 201 1442 dem
216 1390 257 1442 uti
277 1388 369 1458 sacris,
383 1390 509 1459 sepulcra
525 1389 627 1441 habere
646 1389 811 1441 communia
849 1388 905 1441 Sed
920 1404 980 1439 om-

118 1471 214 1522 ‘nium
229 1471 395 1523 societatum
415 1471 492 1523 nulla
507 1469 693 1539 praestantior
710 1476 760 1535 est,
773 1470 850 1521 nulla
864 1468 979 1534 firmior,

119 1552 122 1584 '·
137 1566 220 1618 quam
236 1566 299 1602 cnm
312 1550 365 1603 viri
379 1551 446 1602 boni
458 1551 583 1603 moribus
597 1550 701 1602 similes
713 1556 778 1602 sunt
788 1549 979 1601 familiaritate

119 1652 124 1676 r
137 1630 288 1682 coniuncti.
321 1630 399 1681 Illud
412 1631 486 1682 enim
499 1631 656 1698 honestum,
666 1631 742 1698 quod
755 1647 836 1699 saepe
850 1630 977 1696 dicimus,

137 1710 223 1762 etiam
238 1709 262 1760 si
277 1709 306 1761 in
322 1709 378 1761 alio
391 1710 538 1778 cernimus
548 1715 643 1763 tamen
658 1727 709 1763 uos
724 1718 817 1764 movet
830 1717 914 1780 atque
927 1711 977 1778 illi,

137 1791 167 1842 in
188 1806 244 1858 quo
258 1791 290 1842 id
306 1789 394 1843 inesse
410 1791 530 1858 videtur,
542 1792 646 1844 amicos
660 1791 736 1846 facit.
773 1795 815 1846 56.
831 1793 869 1844 Et
884 1808 978 1860 quam-

137 1887 221 1939 quam
241 1871 330 1923 omnis
344 1871 434 1926 virtus
452 1891 503 1926 uos
522 1874 557 1926 ad
578 1889 606 1925 se
626 1873 725 1925 adlicit
743 1873 867 1941 facitque
885 1880 918 1925 ut
931 1889 978 1926 eos

138 1951 298 2021 diligamus,
309 1951 339 2004 in
355 1953 457 2021 quibus
469 1955 530 2024 ipsa
545 1954 634 2005 inesse
646 1954 783 2020 videatur,
793 1959 887 2006 tamen
900 1954 977 2006 iusti·

125 2033 177 2097 ¹tia
196 2040 224 2086 et
239 2033 390 2086 liberalitas
407 2034 438 2086 id
457 2035 577 2086 maxime
595 2033 688 2088 efficit.
726 2035 807 2088 Nihil
825 2041 919 2087 autem
936 2042 977 2086 est

80 2105 103 2174 ,Cf
127 2105 285 2192 {amabilius
301 2131 352 2167 nec
368 2116 527 2184 copulatius
543 2130 628 2183 quam
642 2131 751 2166 morum
764 2115 918 2167 similitudo
930 2115 977 2166 bo

127 2211 246 2248 morum.
285 2196 317 2246 In
337 2196 439 2263 quibus
458 2197 531 2248 enim
551 2196 649 2248 eadem
667 2195 762 2247 studia
780 2201 853 2262 sunt,
866 2196 977 2247 eaedem

69 2326 85 2358 Υ
128 2267 303 2356 {voluntates
314 2275 343 2325 in
357 2275 392 2326 iis
406 2275 439 2328 fit
451 2282 581 2344 utaequa
594 2276 712 2344 quisque
724 2278 812 2327 altero
825 2276 977 2328 delectetur

75 2365 79 2386 ¹
129 2363 171 2424 {ac
190 2371 218 2406 se
236 2354 307 2423 ipso,
321 2354 494 2423 efficiturque
512 2356 551 2422 id,
565 2357 642 2424 quod
657 2357 832 2425 Pythagoras
849 2355 977 2408 ultimum

129 2427 168 2503 {in
184 2433 308 2486 amicitia
323 2434 441 2502 putavit,
455 2440 486 2487 ut
501 2451 573 2487 unus
591 2436 640 2488 fiat
655 2453 689 2488 ex
704 2433 839 2505 pluribus.
876 2437 977 2505 Magna

131 2507 224 2567 ‘etiam
233 2515 282 2567 illa
293 2515 478 2568 communitas
490 2521 538 2585 est,
550 2533 621 2585 quae
633 2518 780 2570 conficitur
791 2533 826 2569 ex
839 2516 977 2569 beneficiis

127 2596 212 2648 lultro
226 2601 254 2648 et
264 2595 335 2647 citro
348 2596 424 2648 datis
437 2597 622 2665 acceptisque,
633 2614 704 2666 quae
717 2604 745 2650 et
754 2603 851 2652 mutua
863 2602 892 2650 et
901 2602 977 2666 grata

60 2705 65 2714 ,
128 2666 209 2739 fdum
222 2673 380 2743 sunt,'inter
392 2693 462 2745 quos
475 2694 506 2729 ea
519 2685 584 2729 sunt
595 2678 674 2730 firma
686 2679 885 2731 devinciuntur
896 2678 977 2731 socie·

61 2720 76 2826 d
130 2744 204 2843 itate,
234 2760 276 2810 57.
292 2757 347 2809 Sed
363 2773 426 2810 eum
442 2759 536 2810 omnia
554 2759 661 2811 ratione
679 2759 828 2827 animoque
847 2758 975 2825 lustrans,

129 2837 264 2917 jamnium
275 2838 439 2891 societatum
449 2840 526 2891 nulla
534 2844 576 2891 est
585 2841 704 2907 gravior,
713 2841 790 2891 nulla
799 2839 889 2892 carior
897 2856 976 2908 quam

128 2928 179 3042 qna,
192 2935 262 2987 quae
276 2935 340 2972 cum
352 2935 381 2988 re
395 2920 509 2989 publica
522 2924 565 2972 est
577 2919 626 2972 uni
639 2920 739 2987 cuique
752 2927 884 2973 nostrum.
917 2919 975 2972 Cari

128 3043 134 3079 ,
140 3005 205 3052 sunt
215 3005 351 3069 parentes,
363 3001 420 3052 cari
430 3001 518 3066 liberi,
527 3000 687 3069 propinqui,
697 3001 854 3067 familiares,
865 3002 914 3052 sed
924 3019 975 3052 om-

86 3117 91 3136 ·.
121 3093 190 3154 ¹ines
202 3081 326 3134 omnium
339 3080 466 3132 caritates
475 3079 567 3150 patria
577 3095 633 3132 uua
645 3080 790 3149 complexa
803 3087 913 3146 estare
926 3097 975 3150 qua

45 3163 71 3228 s?
93 3161 124 3220 qs
146 3202 201 3224 Μ’,
228 3197 272 3224 ae.
289 3163 444 3220 aeuue'sell.
459 3168 506 3220 M.
522 3167 548 3232 ji·
571 3155 654 3226 itui„

101 3242 128 3281 df·
139 3245 194 3282 lan..
220 3263 241 3289 ,ω
251 3244 317 3283 ql'lt,
327 3231 482 3312 ssfdrlm'rb
504 3210 618 3271 Μωα-
632 3234 748 3288 lam-qh...
762 3258 769 3270 ,

119 3296 123 3310 ,
174 3295 177 3302 ,

148 3335 166 3383 γ’“»
179 3330 257 3383 «ilm-
270 3325 339 3386 :qiu
354 3319 412 3418 {1¹:⁸¹
422 3326 467 3383 xio..
483 3369 489 3380 ι

158 3401 160 3420 r
