2242 3542
61 17 216 95 elisisti
236 2 515 86 urseris-<rama
529 58 542 73 r

125 137 158 183 9³1
436 136 487 185 Du
504 131 659 187 currens

125 220 290 273 indecorum
298 220 448 287 videretur,
459 221 536 289 quod
546 238 594 274 eos
602 221 687 274 fuisse
696 220 785 274 iustos
795 220 971 290 accepimus:

124 306 154 355 at
169 303 257 354 Atreo
275 302 387 355 dicente
402 304 516 371 plausus
534 303 708 357 excitantur:
728 307 771 355 est
788 303 862 356 enim
882 302 972 372 digna

125 399 244 451 persona
259 382 356 439 oratio,
394 384 450 435 Sed
465 390 566 452 poetae
581 384 652 453 quid
667 400 805 452 quemque
820 384 919 436 deceat
934 400 970 436 ex

124 480 242 531 persona
255 463 430 517 iudicabunt.
468 464 559 517 Nobis
572 470 666 517 autem
676 480 822 533 personam
834 464 969 533 imposuit

123 544 185 612 ipsa
199 550 298 597 natura
311 560 413 614 magna
425 560 488 597 cum
498 544 664 597 excellentia
673 544 898 613 praestantiaque
908 544 969 596 ani·

125 625 262 677 nrantium
280 624 455 693 reliquarum.
494 627 535 678 98.
552 624 690 690 Quocirca
703 630 803 693 poetae
822 625 852 677 in
866 641 969 693 magna

125 704 258 757 varietate
273 722 453 775 personarum
469 705 553 758 etiam
569 705 678 757 vitiosis
690 704 760 773 quid
776 705 925 757 conveniat
940 712 968 757 et

124 785 196 853 quid
221 788 319 840 deceat
343 786 490 853 videbunt,
513 786 595 838 uobis
619 791 714 838 autem
737 801 802 838 cunr
826 803 843 837 a
867 791 968 838 natura

124 868 306 935 constantiae,
327 867 536 934 moderationis,
556 866 765 935 temperantiae,
784 866 967 919 verecundiae

123 955 218 1016 partes
237 950 320 1003 datae
339 949 395 1001 sint
414 964 534 1017 cumque
552 948 652 1000 eadem
674 953 774 999 natura
792 946 892 999 doceat
909 962 967 998 uon

124 1030 274 1097 neglegere
284 1046 365 1097 quem
379 1032 415 1083 ad
428 1031 543 1083 modum
553 1045 605 1081 nos
614 1027 746 1080 adversus
755 1027 882 1080 homiues
890 1043 963 1096 geru-

125 1125 194 1175 mus,
209 1108 328 1161 efficitur
341 1116 373 1163 ut
389 1116 417 1163 et
429 1112 509 1177 illud,
524 1110 602 1178 quod
617 1109 654 1161 ad
669 1125 780 1160 omnem
793 1109 966 1160 honestatem

30 1236 31 1241 ,
124 1189 254 1257 pertinet,
274 1190 408 1243 decorum
432 1207 516 1259 quam
540 1192 596 1243 late
618 1189 712 1243 fusum
732 1188 769 1241 sit
787 1194 921 1257 appareat
937 1196 966 1240 et

124 1269 187 1335 hoc,
203 1269 279 1338 quod
302 1275 445 1339 spectatur·
464 1270 495 1323 iu
517 1287 573 1323 uno
594 1287 705 1339 quoque
724 1284 826 1339 genere
845 1268 965 1322 virtutis.

122 1351 161 1405 Ut
174 1350 247 1403 enim
256 1351 439 1420 pulchritudo
452 1350 576 1421 corporis
588 1355 655 1419 apta
665 1348 869 1418 compositione
883 1364 966 1401 mem·

122 1432 235 1485 brorum
248 1422 342 1486 movet
357 1432 453 1486 oculos
468 1437 495 1485 et
511 1433 635 1485 delectat
649 1431 704 1482 hoc
718 1430 789 1499 ipso,
801 1429 878 1497 quod
893 1430 966 1483 inter

121 1525 149 1561 se
168 1526 264 1562 omncs
283 1516 375 1579 partes
393 1528 457 1580 cnm
473 1512 596 1579 quodam
614 1513 709 1580 lepore
725 1508 910 1575 consentiunt,
924 1507 963 1562 sic

122 1588 175 1641 hoc
192 1591 333 1659 decorum,
348 1593 424 1660 quod
440 1594 531 1645 elucet
549 1593 580 1644 in
594 1592 661 1651 vita,
674 1598 768 1645 movet
786 1589 964 1659 approbatio·

122 1685 185 1722 uem
204 1688 306 1736 eorum,
325 1673 492 1740 quibuscum
511 1673 623 1740 vivitur,
643 1673 741 1725 ordine
759 1677 787 1725 et
806 1670 964 1723 constantia

122 1755 149 1801 et
161 1752 352 1805 moderatione
364 1753 504 1805 (lictorum
515 1754 640 1806 omnium
651 1762 735 1822 atque
743 1752 888 1806 factorum.
921 1754 963 1806 99.

122 1830 292 1883 Adhibenda
302 1838 342 1885 est
356 1833 444 1902 igitur
454 1835 593 1902 quaedam
606 1835 761 1887 reverentia
774 1834 906 1886 adversus
915 1832 964 1885 ho-

112 1911 209 1979 ,mines
224 1917 253 1964 et
267 1912 368 1981 optimi
382 1914 515 1983 cuiusque
529 1919 558 1967 ct
571 1915 749 1984 reliquorum.
785 1915 859 1966 Nam
872 1914 965 1982 negle-

55 2016 65 2041 η
112 1993 185 2060 igere
199 1993 269 2061 quid
285 1994 320 2046 de
335 2011 363 2047 se
377 1996 493 2063 quisque
509 1996 611 2048 sentiat
625 2012 681 2047 non
698 1997 787 2047 solum
800 1994 965 2063 adrogantis

113 2079 169 2137 rost,
182 2075 325 2128 sedetiam
337 2076 450 2128 omnino
460 2077 599 2129 dissoluti.
636 2077 687 2129 Est
697 2081 789 2129 autem
799 2078 875 2144 quod
886 2076 964 2129 diffe-

121 2160 163 2207 rat
176 2154 206 2207 iu
219 2156 421 2210 hominnmt
378 2163 421 2210 rat
423 2158 486 2209 ione
500 2158 631 2210 habenda
646 2157 720 2209 inter·
731 2157 866 2210 iustitiam
879 2162 907 2210 et
919 2174 964 2211 ve-

104 2237 289 2313 precundiam.
328 2239 387 2291 Inst
377 2239 454 2291 rtrae
464 2244 557 2306 partes
569 2243 634 2291 sun
646 2255 703 2291 non
713 2238 817 2291 violare
827 2238 963 2304 hominm,

105 2371 107 2379 ,
104 2317 302 2370 verecundiae
316 2335 371 2370 non
386 2319 541 2373 offendere:
561 2320 592 2371 in
605 2336 661 2411 quo
674 2319 794 2372 maxime
804 2320 847 2372 vis
859 2320 965 2389 perspi-

119 2395 192 2448 citur·
211 2398 312 2451 decori
351 2399 405 2450 His
423 2398 522 2467 igitur
527 2400 638 2468 exposit
639 2400 663 2452 is
678 2401 760 2468 quale
779 2400 815 2453 sit
833 2400 864 2452 id
866 2400 964 2469 ,quod

118 2477 218 2529 decere
231 2476 359 2544 dicimus,
372 2478 545 2531 intellectum
557 2486 636 2548 puto.

156 2560 214 2611 100.
235 2556 367 2611 Officium
382 2564 481 2626 autem,
497 2562 575 2627 quod
588 2562 624 2613 ab
639 2578 672 2614 eo
687 2562 809 2627 ducitur,
819 2562 893 2614 hane
907 2561 964 2630 pri-

118 2648 195 2689 mum
208 2637 292 2691 hehet
305 2638 387 2706 viam,
399 2656 469 2707 quae
482 2641 600 2694 deducit
612 2642 649 2694 ad
662 2642 885 2695 convenientiam
898 2658 963 2693 con·

118 2718 361 2787 servationernqne
377 2725 498 2775 naturae.
537 2722 627 2787 Quam
646 2723 670 2775 si
688 2738 835 2791 sequemur
854 2723 963 2790 ducem,

118 2814 272 2867 numquam
287 2800 477 2853 oberrabimus
492 2817 695 2870 sequemurque
711 2810 738 2854 et
754 2803 793 2865 id,
807 2803 884 2869 quod
900 2818 964 2854 acu·

118 2882 179 2929 tum
194 2884 223 2930 et
238 2879 384 2947 perspicax
400 2884 500 2932 natura
519 2887 568 2947 est,
579 2887 607 2934 et
622 2882 661 2947 id,
672 2882 749 2949 quod
764 2884 801 2934 ad
816 2881 964 2934 hominum

118 2959 356 3011 consociationem
369 2961 620 3026 accommodatum,
631 2967 659 3013 ct
672 2962 712 3030 id,
722 2964 800 3030 quod
814 2963 964 3016 vehemens

117 3042 202 3104 atque
212 3038 290 3093 forte.
324 3040 379 3091 Sed
392 3040 514 3092 maxima
523 3041 567 3093 vis
580 3042 674 3093 decori
687 3042 716 3093 in
729 3044 781 3095 hac
791 3043 865 3095 inest
874 3049 963 3111 parte,

118 3115 154 3168 de
167 3133 224 3185 qua
237 3118 421 3189 disputamus.
459 3122 558 3189 Neque
574 3122 650 3175 enim
663 3124 753 3175 solum
769 3124 902 3193 corporis,
913 3124 962 3192 qui
