2242 3542
134 169 165 214 70
444 165 492 213 Du
510 164 662 214 OFFICIIS

132 248 291 301 faciendam
305 248 517 317 adgrediuntur,
528 254 559 301 ut
573 249 764 318 adipiscantur
777 265 816 315 ea,
827 265 897 315 quae
910 265 979 301 con-

132 330 314 399 cupiverunt:
334 330 364 381 in
378 346 434 395 quo
449 330 520 382 vitio
535 329 669 382 latissime
681 335 759 397 patet
773 328 897 382 avaritia.

167 411 244 464 VIII.
271 410 507 479 numeruntur
525 416 618 462 atatem
637 410 754 461 divitiae
772 426 836 461 cum
854 410 892 461 ad
908 426 977 462 usus

132 490 207 542 vitae
226 490 395 542 necessarios
410 494 471 542 tum
487 490 523 542 ad
539 490 721 559 perfruendas
735 491 902 558 voluptates.
941 492 977 542 In
1030 536 1033 539 ⁴

132 570 234 649 quibus
247 581 340 622 autem
353 570 442 622 maior
454 576 496 622 est
509 570 627 637 animus
638 570 668 622 in
677 570 713 622 iis
721 570 855 639 pecuniae
865 570 977 638 eupidi-

132 657 175 704 tas
194 656 303 721 spectat
322 652 359 703 ad
378 668 445 720 opes
460 656 488 703 et
507 652 544 703 ad
563 651 742 719 gratificandi
757 650 928 709 facultatem.
943 656 977 703 ut

93 762 106 772 κ
131 748 221 801 nuper
237 734 275 785 M.
287 734 401 785 Crassus
420 732 541 801 negabat
560 733 647 784 ullam
665 732 733 784 satis
747 748 876 801 magnam
891 748 977 805 pecu·

131 812 206 864 niam
217 830 273 865 esse
284 813 318 880 ei,
328 812 377 880 qui
386 812 416 864 in
425 828 453 864 re
464 812 579 881 publiea
589 812 719 881 princeps
726 813 811 866 vellet
821 828 886 880 esse,
895 812 975 866 cuius

132 892 270 945 fructibus
280 892 434 945 exereitum
444 894 516 944 alere
526 909 582 944 non
592 899 694 961 posset.
731 894 880 945 Delectant
889 893 974 945 etiam

132 974 275 1041 magnifici
291 978 442 1043 apparatus
456 974 587 1041 vitaeque
603 976 695 1026 cultus
710 990 773 1025 oum
792 973 931 1043 elegantia
946 979 974 1026 et

132 1054 229 1122 copia:
250 1056 352 1122 quibus
367 1054 449 1106 rebus
468 1054 597 1107 effectum
612 1058 655 1105 est
669 1060 702 1105 ut
715 1054 826 1107 infinita
840 1054 974 1123 pecuniae

132 1134 274 1201 cupiditas
293 1139 372 1188 esset.
416 1138 473 1186 Neo
488 1151 554 1187 vero
573 1134 613 1187 rei
631 1134 776 1187 familiaris
794 1135 974 1204 amplificatio

131 1214 236 1266 nemini
255 1231 358 1267 nocens
374 1214 560 1284 vituperanda
579 1221 628 1284 est,
644 1218 695 1269 sed
712 1216 849 1285 fugienda
867 1232 975 1285 semper

131 1294 233 1347 iniuria
246 1301 293 1349 est.
332 1298 374 1349 26.
390 1296 512 1347 Maxime
532 1303 624 1349 autom
645 1298 824 1350 adducuntur
840 1298 974 1367 plerique,

133 1380 165 1427 ut
186 1392 232 1428 eos
254 1376 378 1429 iustitiae
400 1376 494 1445 capiat
515 1378 630 1444 oblivio,
646 1394 709 1429 cum
731 1378 761 1430 in
785 1378 973 1447 imperiorum,

131 1456 277 1525 honorum,
289 1457 394 1527 gloriae
408 1457 592 1527 cupiditatem
606 1458 773 1512 inciderunt.
804 1459 887 1525 Quod
900 1458 974 1511 enim

132 1543 174 1590 θεῖ
187 1538 263 1607 aPUd
276 1539 407 1604 Ennium’
498 1608 576 1654 Nulla
586 1611 674 1655 sanctu
684 1609 799 1665 societas,

306 1677 358 1722 Neo
370 1677 432 1722 fides
444 1679 515 1741 regui
526 1680 574 1735 est,

134 1770 162 1823 id
178 1771 261 1823 latius
277 1775 362 1839 patet.
400 1776 469 1824 Nam
486 1773 628 1841 quidquid
643 1774 702 1826 eius
721 1772 800 1826 modi
815 1773 901 1825 estin
917 1790 972 1840 quo

132 1869 188 1904 non
201 1852 311 1921 possint
323 1854 416 1921 plures
429 1855 572 1921 excellere,
585 1855 615 1905 in
628 1872 660 1907 eo
672 1855 706 1907 fit
717 1857 882 1924 plerumque
893 1860 974 1918 tanta

132 1933 283 1999 eontentio,
297 1938 329 1986 ut
342 1934 540 1987 difficillimum
556 1936 593 1987 sit
608 1952 715 1987 servare
728 1939 744 1964 “
753 1939 876 1987 sanctam
889 1935 974 1987 aoeie-

131 2015 242 2067 tatem.”
276 2014 437 2067 Declaravit
448 2016 481 2067 id
494 2016 579 2067 modo
589 2015 730 2067 temeritas
741 2016 770 2069 Ο.
782 2015 913 2083 Caesaris,
924 2016 973 2083 qui

132 2095 226 2147 omnia
244 2095 304 2148 iura
323 2096 420 2149 divina
436 2101 464 2149 et
479 2097 602 2148 humana
620 2096 753 2165 pervertit
771 2103 887 2165 propter
901 2114 972 2165 eum,

132 2192 214 2242 quem
230 2176 284 2229 sibi
299 2176 359 2245 ipse
375 2178 516 2246 opinionis
532 2193 623 2229 errore
635 2177 761 2243 finxerat,
776 2177 972 2247 principatum.

131 2256 182 2308 Est
197 2264 289 2309 autem
305 2257 334 2309 in
350 2258 404 2309 hoo
419 2274 521 2326 genere
536 2257 693 2322 molestum,
707 2259 784 2324 quod
798 2258 829 2310 in
844 2258 974 2311 maximis

131 2337 231 2389 animis
253 2338 543 2405 splendidissimisque
565 2337 687 2406 ingeniis
707 2340 870 2407 plerumque
891 2340 974 2392 exsis-

131 2420 195 2467 tunt
216 2416 338 2484 honoris,
358 2416 476 2485 imperii,
496 2419 647 2487 potentiae,
667 2419 773 2487 gloriae
795 2419 972 2488 cupiditates.

131 2496 193 2559 Quo
212 2496 302 2563 inagis
320 2498 477 2549 cavendum
496 2504 537 2549 est
555 2499 676 2565 nequid
694 2499 724 2551 in
740 2516 773 2552 eo
792 2517 892 2569 genere
911 2516 973 2569 pee-

131 2583 216 2630 cetur.
254 2580 295 2630 27.
313 2578 367 2629 Sed
383 2578 413 2629 in
428 2578 504 2631 omni
519 2578 659 2631 iniustitia
674 2583 843 2649 permultum
859 2582 974 2635 interest

130 2662 222 2709 utrum
247 2658 456 2725 perturbatione
478 2659 574 2727 aliqua
599 2660 693 2726 animi,
716 2678 786 2729 quae
810 2664 973 2731 plerumque

132 2737 222 2789 brevis
241 2743 283 2790 est
301 2744 329 2791 et
348 2739 384 2791 ad
399 2744 518 2809 tempus
534 2756 569 2793 an
588 2742 716 2793 consulto
735 2748 763 2794 et
782 2743 907 2812 cogitata
924 2743 973 2796 fiat

115 2817 238 2886 [iniuria.
276 2818 393 2871 Leviora
408 2820 483 2873 onim
499 2826 565 2874 sunt
580 2838 619 2887 ea,
633 2837 704 2888 quae
719 2824 866 2892 repentino
878 2824 973 2891 aliquo

116 2893 209 2998 pnotu
223 2898 364 2967 accidunt,
379 2916 463 2967 quarn
479 2917 518 2968 ea,
532 2917 603 2968 quae
617 2901 753 2953 meditat-a
766 2907 794 2954 et
809 2910 971 2972 praeparata

113 2978 294 3033 ‚inferuntur
331 2982 371 3031 Ao
384 2980 419 3032 de
434 2980 580 3035 inferenda
593 2981 709 3049 quidem
721 2982 823 3035 iniuria
835 2984 903 3035 satis
916 2983 972 3036 die·

131 3064 192 3110 tum
204 3064 253 3113 est.

167 3138 216 3193 IX.
254 3143 296 3194 28.
312 3140 580 3194 Praetermittendae
599 3144 692 3195 autem
711 3140 881 3195 defensionis
897 3142 973 3197 dese
