2242 3542
107 124 136 169 56
275 169 277 176 1
334 124 371 169 M.
390 122 517 169 nuntii
538 121 731 169 CICERONIS

105 206 136 253 ut
155 201 194 254 ait
212 202 286 255 idern
305 202 456 268 Terentius,
476 200 524 253 sed
543 200 591 253 illc
609 200 637 252 in
657 200 811 253 Gnathonis
827 218 960 267 persona:

106 276 179 344 quod
197 277 276 329 amici
295 293 381 343 genus
403 276 535 329 adhibere
557 276 666 328 omnino
689 275 811 331 levitatis
834 282 883 329 cst.
919 283 960 331 94.

106 352 188 405 Multi
210 356 301 405 autern
320 352 495 405 Gnathonum
516 352 619 405 similes
642 368 726 420 quum
747 353 803 405 sint
822 353 887 419 loco,
906 354 960 405 for·

105 433 179 494 tuna,
204 428 277 480 fama
295 427 455 494 superiores,
477 428 575 480 horum
596 431 640 481 est
663 429 812 481 assentatio
835 429 959 495 molesta

106 520 190 570 quum
213 502 249 556 ad
273 504 422 556 vanitatem
446 504 560 556 accessit
584 504 739 557 auctoritas.
782 510 822 558 95.
848 505 960 558 Secemi

106 584 197 631 {uitem
215 578 332 631 blandus
351 580 453 631 amicus
470 595 487 633 a
501 596 566 633 vero
583 583 613 632 et
633 580 780 633 internosci
795 585 852 634 tam
866 584 960 650 potest

105 654 235 707 adhibita
246 655 390 722 diligentia
411 672 493 723 qnam
517 656 608 709 omnia
627 656 718 709 fucata
741 661 771 710 et
791 658 919 711 simulata
943 674 960 709 a

106 732 216 784 sinceris
244 734 329 799 atque
353 732 431 785 veris
470 731 568 785 Contio
589 748 660 799 quae
688 749 724 785 cx
747 733 958 801 imperitissimis

106 812 220 874 constat,
235 812 327 861 tamen
343 808 469 875 judicare
487 808 555 862 solet
575 808 642 876 quid
661 808 772 861 intersit
787 810 860 861 inter
876 826 959 877 popu.

106 883 197 951 larem,
213 884 243 937 id
264 888 314 952 est,
335 888 533 938 assentatorem
554 888 584 938 ct
607 884 694 938 levem
719 886 812 953 civem,
834 890 863 940 et
886 886 959 939 inter

106 963 283 1027 constantem,
297 977 429 1028 severum,
442 964 471 1013 et
483 978 601 1027 gravem.
638 966 678 1014 96.
698 961 802 1024 Quibus
819 961 959 1014 blanditiis

107 1035 135 1088 C.
158 1036 283 1103 Papirius
303 1053 389 1104 nuper
408 1036 539 1089 influebat
568 1038 693 1089 inaures
713 1032 852 1105 contionis,
873 1054 957 1106 quum

107 1110 191 1163 ferret
215 1112 302 1179 legem
330 1112 364 1164 de
386 1112 504 1165 tribunis
530 1112 618 1180 plebis
648 1113 811 1166 reficiendis.
847 1114 958 1166 Dissua-

41 1221 43 1225 ψ
106 1187 190 1239 simus
212 1204 268 1240 nos,
317 1188 372 1241 Sed
395 1188 462 1240 nihil
492 1188 528 1240 de
555 1205 616 1242 mc:
645 1189 682 1241 dc
712 1190 837 1258 Scipione
867 1189 957 1243 dicam

107 1261 241 1317 libentius.
287 1263 396 1326 Quanta
419 1264 466 1330 illi,
488 1264 526 1316 dii
549 1264 725 1330 immortales,
750 1265 803 1319 fuit
826 1266 957 1333 gravitas,

106 1342 210 1405 <luente
230 1340 257 1391 in
282 1340 404 1393 oratione
426 1339 563 1408 majestas,
588 1344 621 1393 ut
643 1341 722 1394 facile
744 1341 841 1394 ducem
864 1342 957 1409 populi

109 1414 222 1468 ltomani
234 1433 287 1469 non
299 1417 426 1469 comitem
446 1417 558 1469 diceres.
595 1417 650 1469 Sed
666 1417 800 1485 adfuistis,
820 1421 849 1471 et
866 1422 909 1471 est
929 1417 958 1470 in

8 1500 10 1505 ‘
106 1490 229 1544 manibus
247 1492 340 1546 oratio.
378 1494 479 1561 ltaque
493 1493 539 1545 lex
558 1493 696 1561 popularis
712 1494 848 1561 suffragiis
865 1493 958 1561 populi

107 1566 250 1633 repudiata
262 1571 311 1622 est.
349 1572 444 1636 Atque
456 1574 487 1621 ut
502 1569 538 1621 ad
551 1586 595 1621 nrc
611 1569 730 1635 redeam,
747 1570 910 1624 meministis
926 1570 958 1633 Q.

8 1662 28 1699 ,r
108 1642 227 1695 Maximo
240 1644 325 1697 fratrc
338 1645 470 1711 Scipionis
484 1649 512 1697 et
527 1646 555 1697 L.
569 1646 695 1698 Mancino
708 1645 863 1699 consulibus
875 1662 958 1713 qnam

106 1719 242 1786 popularis
259 1720 304 1772 lex
317 1720 352 1772 de
364 1719 525 1773 sacerdotiis
542 1721 573 1773 (l.
587 1720 683 1774 Licinii
697 1721 788 1774 Crassi
804 1721 957 1774 videbatur.

107 1794 250 1863 Coeptatio
265 1796 336 1849 enim
349 1796 523 1863 collegiorum
536 1796 571 1848 ad
584 1797 677 1864 populi
695 1797 857 1850 beneficium
870 1800 958 1850 trans-

107 1869 252 1939 ferebatur,
276 1876 359 1938 atque
382 1872 405 1924 is
429 1872 533 1939 primus
556 1872 677 1927 instituit
701 1874 729 1925 in
752 1874 841 1925 forum
864 1890 961 1925 versus

106 1963 187 2013 agere
204 1964 265 2000 curn
284 1948 397 2015 populo;
417 1952 508 2001 tamen
528 1948 600 2001 illius
621 1949 786 2001 vendibilem
808 1948 958 2000 orationem

106 2022 199 2089 religio
212 2024 326 2076 deorum
342 2024 535 2077 immortalium
551 2023 629 2076 nobis
646 2023 858 2077 defendentibus
877 2022 959 2075 facile

106 2098 239 2153 vincebat.
275 2101 370 2167 Atque
381 2100 410 2152 id
422 2104 512 2153 actum
526 2103 569 2151 est
579 2104 706 2166 praetore
716 2116 759 2151 nrc
772 2099 959 2168 quinquennio

105 2179 170 2231 ante
179 2194 260 2243 quam
271 2177 362 2230 consul
375 2194 434 2230 sum
444 2178 540 2230 factus.
566 2176 612 2228 Ita
623 2192 655 2229 re
666 2175 752 2243 magis
761 2193 843 2245 quam
853 2190 959 2228 summa

106 2252 270 2305 auctoritate
283 2269 364 2305 causa
377 2253 422 2305 illa
434 2253 547 2305 defensa
560 2255 610 2305 est

53 2331 56 2337 '
159 2327 263 2379 XXVI.
283 2330 322 2382 97.
348 2325 426 2389 Quod
443 2324 465 2377 si
480 2324 508 2376 in
525 2341 612 2389 scena,
629 2324 659 2376 id
674 2327 723 2387 est,
741 2323 768 2376 in
785 2322 918 2389 corrtione,
931 2321 960 2375 in

107 2420 161 2471 qua
173 2402 254 2454 rebus
268 2401 337 2453 fictis
350 2405 378 2453 et
390 2399 561 2453 adumbratis
574 2400 624 2452 loci
637 2400 783 2467 plurimum
797 2402 847 2464 est,
864 2403 958 2451 tamen

15 2525 18 2531 .
107 2495 200 2530 rorum
217 2477 296 2540 valet,
312 2475 429 2529 simodo
447 2475 476 2528 id
492 2476 661 2543 patefactum
678 2480 707 2528 et
723 2476 890 2528 illustratum
907 2478 959 2540 ost,

107 2554 174 2622 quid
192 2554 219 2605 in
239 2550 357 2605 amicitia
379 2551 437 2604 ficri
458 2554 568 2619 oportet
589 2568 659 2619 quae
681 2555 739 2604 tota
761 2550 878 2612 veritate
898 2566 960 2617 per-

108 2630 237 2697 penditur
247 2630 256 2681 l
275 2628 302 2680 in
315 2644 369 2696 qua
380 2628 439 2693 nisi,
452 2631 484 2680 ut
496 2626 604 2693 dicitnr,
617 2633 741 2693 apertum
759 2630 855 2692 pectus
868 2624 961 2677 videas

107 2709 239 2773 tuumque
255 2704 391 2770 ostendas,
403 2703 468 2756 nihil
481 2704 575 2767 fidum,
588 2702 654 2754 nihil
664 2702 836 2768 ,exploratum
845 2700 946 2753 habeas
953 2721 960 2764 ς

106 2797 141 2833 ne
160 2798 251 2833 aurare
270 2780 380 2849 quidem
402 2784 449 2832 aut
467 2780 559 2839 amari,
579 2793 663 2845 quum
681 2778 711 2829 id
729 2794 811 2845 quam
829 2793 894 2829 vere
911 2776 961 2829 fiat

107 2857 222 2919 tenores.
252 2856 422 2922 Quainqnam
435 2856 488 2907 ista
500 2855 657 2918 assentatio,
670 2854 794 2920 quamuis
806 2851 961 2920 perniciosa

109 2932 152 2999 sit,
165 2949 261 2987 nocere
274 2936 364 2985 tamen
375 2931 474 2983 nemini
484 2934 577 2997 potest
587 2930 637 2980 nisi
648 2929 674 2980 ci
683 2928 730 2994 qui
739 2944 799 2979 eam
810 2927 909 2994 recipit
918 2930 960 2979 at-

109 3026 163 3075 que
176 3026 207 3060 ca
220 3008 382 3061 delectatur.
407 3007 453 3059 Ita
466 3006 497 3058 fit
509 3010 540 3058 ut
550 3006 574 3056 is
583 3002 801 3056 assentatoribus
812 3002 962 3069 patefaciat

109 3106 188 3143 aures
201 3107 262 3142 suas
275 3090 399 3155 maxime,
412 3088 458 3156 qui
471 3089 528 3155 ipsc
539 3086 591 3138 sibi
600 3088 755 3138 assentetur
764 3088 794 3137 et
804 3101 833 3135 se
842 3084 960 3136 maxime

109 3162 166 3231 ipsc
179 3164 306 3218 delectet.
343 3166 383 3217 98.
397 3164 514 3216 Ouiriino
527 3164 570 3213 cst
583 3177 675 3213 amans
688 3160 730 3211 sni
742 3160 829 3211 virtus
840 3179 846 3221 ;
858 3157 961 3225 optime

1113 365 1117 510 l
