2242 3542
25 46 45 75 a
60 21 149 77 Μ
165 16 242 70 Μ
259 2 431 85 danaim?
450 2 628 68 Talao„
641 5 763 68 blaa„
781 7 946 94 *eff-p

118 182 165 227 110
413 165 480 228 DE
498 179 652 229 olricus

65 311 93 355 i
101 359 351 453 4quamsonornm
369 349 521 396 concentus
539 344 699 397 est.t.XLI
730 343 788 396 146.
809 296 954 411 Itaque,
930 348 963 395 ut

101 405 146 502 ,m
164 425 268 477 fidibus
288 425 457 478 musicorum
476 442 555 478 aures
574 425 619 477 vel
638 424 753 477 minima
773 424 905 489 sentiunt,
921 424 962 476 sie

48 455 107 545 Q*
115 521 175 571 nos,
189 505 213 556 si
228 521 303 557 acres
319 522 351 557 ac
367 506 518 575 diligentes
536 522 595 557 esse
610 507 740 557 volumus
755 505 962 558 animadverso-

19 647 22 651 Α
97 602 159 669 pes
169 585 308 652 v1trorum
315 602 418 655 magna
430 602 513 655 saepe
525 586 721 656 intellegemus
734 602 769 639 ex
779 602 881 655 parvrs
918 586 962 638 Ex

117 668 262 718 oculorum
286 667 395 735 obtutu,
419 667 633 735 superciliorum
657 673 707 721 aut
731 667 889 720 remissione
913 670 961 720 aut

117 748 315 814 contractione,
332 764 368 799 ex
389 747 537 815 maestitia,
557 764 592 800 ex
614 747 764 815 hilaritate,
784 764 819 799 ex
841 748 907 815 risu,
927 764 962 800 ex

116 827 267 895 locutione,
280 844 315 880 ex
332 827 486 894 reticentia,
501 844 536 881 ex
553 828 732 882 contentione
747 828 833 895 vocis,
847 844 881 881 ex
899 828 961 881 snb-

116 907 256 977 missione,
271 925 305 961 ex
321 909 420 962 ceteris
434 908 573 961 similibus
588 908 670 963 facile
688 909 876 962 iudicabimus
891 908 962 977 quid

117 1004 212 1041 eorum
230 994 296 1058 apte
313 990 371 1057 fiat,
385 990 455 1057 quid
472 990 509 1043 ab
527 990 620 1043 officio
639 996 794 1059 naturaque
814 990 960 1059 discrepet.

117 1071 180 1136 Quo
199 1070 229 1122 in
249 1087 350 1139 genere
369 1088 427 1124 non
446 1077 487 1124 est
505 1072 716 1125 incommodum
736 1072 816 1141 quale
835 1071 963 1140 quidque

117 1167 212 1204 eorum
234 1152 270 1204 sit
293 1169 328 1204 ex
350 1153 414 1205 aliis
434 1153 568 1217 iudicare,
582 1160 622 1220 ut,
638 1152 663 1205 si
681 1153 751 1223 quid
775 1154 910 1206 dedeceat
931 1153 963 1205 in

118 1231 180 1298 'llis‚
202 1232 322 1286 vitemus
344 1233 407 1302 ipsi.
451 1234 499 1286 Fit
523 1235 598 1286 enim
622 1235 716 1288 nescio
741 1250 797 1303 quo
820 1234 905 1287 modo
930 1238 962 1290 ut

33 1314 72 1397 ,l
98 1248 207 1414 fmagis
228 1314 258 1366 in
279 1314 342 1367 aliis
363 1331 508 1367 cernamus
527 1332 612 1384 quam
633 1316 664 1367 in
683 1316 823 1369 nobismet
845 1316 920 1385 ipsis,
937 1315 963 1367 si

103 1396 187 1473 gquid
199 1396 380 1464 delinquitur.
417 1396 514 1463 Itaque
527 1397 659 1449 facillime
672 1395 851 1466 corriguntur
863 1397 893 1448 in
906 1396 962 1448 dis-

117 1475 215 1543 cendo,
229 1492 348 1544 quorum
365 1476 435 1529 vitia
453 1477 601 1529 imitantur
619 1477 788 1529 emendandi
805 1492 888 1529 causa
905 1493 960 1529 ma⁴

117 1556 206 1624 gistri.
246 1558 304 1609 147.
324 1557 384 1608 Nec
405 1573 471 1608 vero
497 1557 619 1610 alienum
641 1562 682 1609 est
704 1558 741 1609 ad
766 1574 799 1609 ea
822 1557 960 1626 eligenda,

117 1652 188 1702 quae
202 1636 407 1687 dubitationem
422 1636 561 1704 adferunt,
573 1637 707 1689 adhibere
723 1638 822 1689 doctos
836 1637 962 1689 homines

117 1717 162 1767 vel
177 1716 261 1767 etiam
276 1732 327 1769 usu
343 1716 446 1784 peritos
461 1717 573 1785 etquid
587 1717 622 1769 iis
638 1717 673 1770 de
689 1732 799 1786 quoque
814 1716 900 1769 officii
914 1733 961 1786 ge-

116 1812 181 1848 nere
197 1798 307 1865 plaeeat
322 1797 473 1865 exquirere.
510 1798 601 1850 Maior
620 1798 694 1850 enim
709 1814 774 1867 pars
793 1814 826 1850 eo
842 1797 898 1851 fere
914 1798 960 1849 de

116 1876 182 1929 ferri
202 1879 280 1945 solet,
296 1894 352 1946 quo
372 1895 389 1931 a
409 1883 510 1931 natura
530 1879 593 1947 ipsa
612 1878 769 1932 deducitur.
806 1879 839 1931 In
860 1878 961 1946 quibus

96 1956 273 2012 *videndum
293 1964 409 2011 estnon
427 1960 513 2011 modo
532 1958 602 2029 quid
622 1959 740 2027 quisque
758 1960 895 2027 loquatur,
910 1958 960 2010 sed

117 2039 202 2093 etiam
218 2041 287 2109 quid
303 2040 420 2109 quisque
438 2040 541 2093 sentiat
556 2046 641 2108 atque
657 2040 742 2091 etiam
758 2056 813 2109 qua
828 2040 863 2091 de
878 2054 962 2092 causa·

91 2121 235 2190 equisque
248 2121 357 2175 sentiat.
395 2122 433 2175 Ut
447 2122 521 2173 enim
534 2120 655 2189 pictores
666 2126 694 2173 et
706 2120 735 2188 ii,
746 2120 795 2188 qui
810 2120 891 2189 signa
902 2119 961 2171 fab·

117 2201 248 2269 ricantur,
265 2205 293 2254 et
312 2218 377 2254 vero
396 2201 482 2255 etiam
501 2207 600 2270 poetae
620 2217 700 2253 suum
719 2200 836 2269 quisque
855 2216 925 2269 opus
944 2216 960 2251 a

117 2284 203 2351 vnlgo
222 2282 392 2335 considerari
407 2284 476 2350 vult,
489 2291 529 2348 ut,
543 2281 568 2333 si
586 2281 657 2350 quid
675 2283 870 2349 reprehensum
889 2281 925 2332 sit
944 2296 960 2332 a

116 2363 251 2432 pluribus,
260 2362 291 2414 id
301 2362 464 2430 corrigatur,
473 2363 549 2431 iique
561 2367 590 2414 et
600 2378 693 2414 secum
707 2366 734 2414 et
744 2378 808 2415 cum
819 2361 880 2414 aliis
890 2360 960 2429 quid

117 2442 147 2494 in
162 2459 195 2494 eo
210 2447 358 2511 peecatum
372 2442 409 2495 sit
421 2442 581 2510 exquirunt,
592 2442 632 2494 sic
647 2442 766 2495 aliorum
781 2442 887 2494 iudicio
901 2456 959 2510 per·

116 2524 206 2574 multa
218 2522 300 2574 nobis
312 2528 340 2574 et
351 2522 480 2575 facienda
492 2530 520 2575 et
533 2539 591 2574 non
603 2522 732 2576 facienda
745 2527 773 2575 et
784 2522 919 2575 mutanda
932 2524 960 2574 et

117 2602 283 2671 corrigenda
298 2608 370 2657 sunt.
410 2605 467 2657 148.
488 2604 566 2668 Quae
577 2620 643 2655 vero
659 2620 734 2656 more
750 2610 868 2673 agentur
881 2602 960 2655 insti-

116 2682 241 2750 tutisque
257 2683 395 2751 civilibus,
406 2684 441 2735 de
456 2683 492 2735 iis
507 2684 579 2735 nibil
591 2689 635 2737 est
647 2684 892 2753 praecipiendum:
911 2683 960 2735 illa

117 2763 191 2814 enim
209 2762 270 2832 ipsa
287 2769 436 2833 praecepta
454 2770 527 2830 sunt,
541 2780 592 2816 nec
611 2780 778 2832 quemquam
796 2764 851 2816 hoc
870 2779 959 2816 errore

118 2841 184 2894 duci
197 2849 315 2911 oportet,
326 2848 365 2911 ut,
374 2844 398 2895 ei
410 2844 481 2911 quid
495 2845 621 2896 Socrates
634 2850 681 2895 aut
691 2844 851 2912 Aristippus
864 2849 960 2895 contra

118 2938 222 2974 morem
246 2924 531 2992 consuetudinemque
559 2923 670 2975 civilem
696 2923 812 2975 fecerint
838 2923 960 2975 locutive

117 3001 181 3068 sint,
190 3002 266 3055 idem
278 3003 333 3055 sibi
345 3004 493 3056 arbitretur
505 3004 596 3054 licere.
635 3003 746 3072 Magnis
758 3003 801 3056 illi
813 3008 842 3056 et
855 3003 960 3055 divinis

118 3081 199 3133 bonis
210 3083 284 3135 hanc
294 3083 435 3135 licentiam
449 3082 681 3149 adsequebantur.
716 3083 884 3150 Cynicorum
894 3099 959 3135 vero

117 3161 189 3214 ratio
201 3168 262 3216 tota
274 3168 316 3216 est
328 3162 479 3216 eiicienda:
493 3154 542 3235 ieet
553 3162 628 3215 enim
640 3161 754 3216 inimica
767 3163 958 3230 verecundiae,
