2242 3542
312 163 383 211 LIB.
401 162 448 222 IL,
464 160 542 211 CAP.
558 159 706 237 ,HL-Vq}
724 162 810 208 11-16,
937 160 968 209 12

142 247 171 299 lo
195 247 282 299 modo
308 246 367 299 sine
392 245 538 297 hominum
562 260 647 309 manu
664 242 756 312 'atque
781 261 865 314 opera
890 264 988 317 capere

143 327 275 395 potuisse.
313 326 369 391 Qui
393 326 514 393 denique
532 324 693 382 ,enbestiis
717 325 823 377 ferretus
847 334 895 379 aut
917 345 988 395 quae

144 407 338 474 commoditas,
350 406 405 459 nisi
422 400 739 469 hominesadiuvarent,
752 408 860 477 percipi
873 413 987 478 possetl

144 488 219 539 Nam
244 492 272 539 et
297 487 346 554 qui
367 486 507 555 principes
530 486 694 540 inveniendi
715 486 828 539 fuerunt
849 505 931 557 quem
953 506 988 541 ex

144 584 256 636 quaque
276 568 359 619 belua
377 583 458 620 usum
478 568 581 620 habere
604 584 745 636 possemus
767 568 893 622 homines
915 578 988 623 certe

144 648 258 701 fuerunt
279 665 330 701 nee
355 650 409 700 hoc
429 653 554 717 tempore
578 649 637 701 siue
662 648 807 701 hominum
832 667 916 719 opera
941 660 989 704 aut

99 759 102 763 ι
145 744 257 799 pascere
270 745 316 781 eas
328 734 377 780 aut
390 730 503 781 domare
517 734 566 781 aut
578 730 650 781 tueri
664 736 713 781 aut
725 731 906 798 tempestivos
919 732 989 784 fruc-

144 815 190 861 tus
206 826 240 861 ex
255 808 289 861 iis
305 825 403 877 capere
415 826 567 877 possemuS,
581 810 616 861 ab
630 809 790 878 eisdemque
806 818 834 863 et
849 828 989 879 esequire

145 894 255 956 nocent,
268 888 472 941 interficiuntur
490 895 519 943 et
536 906 607 958 quae
627 891 690 942 usui
704 898 822 959 possunt
839 909 895 945 esse
915 895 989 963 capi-

145 976 238 1023 untur.
271 972 313 1022 15.
330 969 406 1035 Quid
418 986 576 1022 enumerem
589 970 690 1022 artium
704 971 920 1039 multitudinem,
932 973 990 1025 sine

146 1051 249 1118 quibus
263 1050 323 1103 vita
338 1052 453 1103 omnino
468 1052 546 1103 nulla
560 1068 619 1104 esse
633 1051 788 1120 potuisset?
825 1054 901 1119 Quid
917 1055 991 1107 enim

146 1132 236 1200 aegris
251 1132 421 1197 subveniret,
433 1148 503 1199 quae
519 1137 591 1183 essct
607 1131 757 1185 oblectatio
770 1134 930 1202 valentium,
942 1136 991 1203 qui

146 1211 238 1264 victus
259 1218 307 1264 aut
326 1213 426 1279 cultus,
442 1211 495 1264 uisi
514 1217 572 1265 tam
591 1213 696 1265 multae
718 1214 800 1266 nobis
822 1221 893 1269 artes
911 1217 992 1269 mini·

147 1295 283 1346 strareutl
301 1292 404 1359 quibus
421 1293 503 1344 re'bus
521 1294 632 1345 exculta
648 1293 792 1345 homiuum
808 1295 867 1348 vita
882 1302 992 1348 tantum

148 1373 257 1426 destitit
274 1391 291 1426 a
305 1372 382 1426 victu
401 1377 429 1424 et
448 1374 524 1425 cultu
544 1373 702 1425 bestiarum.
741 1374 831 1426 Urbes
849 1392 914 1427 vero
933 1377 1026 1442 siner,

147 1454 293 1506 hominum
308 1458 389 1506 coetu
405 1469 462 1505 non
477 1453 635 1521 potuissent
650 1468 702 1504 nec
721 1453 860 1506 aedificari
875 1472 926 1508 nec
941 1455 992 1507 fre-

148 1534 286 1602 quentari,
300 1550 334 1585 ex
350 1550 406 1601 quo
424 1535 501 1602 leges
519 1549 665 1600 moresque
684 1533 836 1600 constituti,
851 1540 911 1588 tum
926 1535 993 1589 iuris

148 1632 237 1683 aequa
250 1614 402 1683 descriptio
415 1619 544 1682 certaque
557 1613 673 1665 vivendi
687 1613 850 1683 disciplina:
869 1633 938 1683 quas
950 1633 993 1669 res
1034 1615 1049 1669 ν’

148 1702 176 1749 et
191 1694 375 1748 mansuetudo
391 1694 544 1747 animorum
560 1701 709 1745 consecuta
724 1698 752 1746 et
768 1697 936 1749 verecundia
952 1703 993 1749 est

148 1776 332 1845 effectumque
349 1781 381 1827 ut
398 1780 470 1827 esset
485 1774 544 1826 vita
559 1774 694 1826 munitior
709 1779 792 1841 atque
808 1781 840 1829 ut
855 1777 994 1831 daudomt

148 1857 313 1926 accipiendo
332 1854 550 1922 mutuandisque
570 1854 750 1907 facultatibus
769 1860 796 1908 et
815 1860 993 1911 commodari·
1017 1902 1022 1935 ,

149 1937 194 1990 dis
206 1939 283 1989 nulla
295 1928 324 1988 re
337 1951 487 2005 egeremus.
1002 1939 1021 1977 s(

184 2019 217 2072 V.
257 2019 297 2071 lo.
316 2015 471 2085 Longiores
482 2015 608 2066 hocloco
622 2030 715 2067 sumus
728 2031 811 2081 quam
821 2032 930 2069 necesse
944 2022 992 2071 est.

149 2098 217 2164 Quis
235 2104 277 2150 est
291 2098 366 2149 enim
382 2095 428 2147 cui
444 2111 502 2146 non
516 2094 663 2163 perspicua
682 2094 737 2147 sint
752 2096 808 2161 illa,
823 2113 893 2163 quae
909 2098 1003 2169 pruriat,

93 2228 95 2232 .
149 2179 201 2230 bus
219 2179 311 2231 verbis
329 2195 345 2231 a
363 2175 498 2229 Panaetio
517 2180 775 2242 commemorantur,
791 2176 929 2229 neminem
948 2195 1004 2251 nen,

149 2275 203 2327 que
223 2261 323 2311 ducem
341 2258 416 2309 bello
435 2272 486 2308 nec
504 2255 660 2324 principem
680 2256 756 2307 domi
773 2273 888 2326 magnas
906 2275 948 2311 res
967 2252 1008 2366 atq

149 2341 282 2392 salutares
295 2339 354 2391 sine
367 2337 512 2390 hominum
525 2335 627 2388 studiis
639 2352 733 2405 gerere
743 2338 884 2406 potuisset
915 2341 994 2391 Com-

150 2425 317 2473 memoratur
331 2420 367 2472 ab
383 2436 415 2471 eo
428 2419 638 2484 Themistocles
652 2418 778 2484 Pericles,
790 2422 883 2488 Cyrus,
897 2420 994 2489 Agesi-

149 2502 218 2567 laus,
232 2501 400 2567 Alexander,
413 2516 484 2567 quos
496 2504 581 2569 negat
594 2500 653 2552 sine
669 2498 837 2553 adiumentis
849 2501 993 2553 hominum

150 2586 241 2634 tantas
260 2597 303 2633 res
322 2580 429 2633 efficere
448 2571 579 2648 potuisse.
617 2579 714 2633 Utitur·
732 2579 762 2631 in
782 2596 810 2631 re
831 2598 887 2632 non
909 2582 1009 2645 dubial
1028 2622 1060 2649 ᾗ,

150 2661 268 2714 testibus
285 2678 342 2713 non
362 2661 529 2715 necessariis.
566 2660 659 2729 Atque
679 2664 711 2712 ut
725 2676 841 2728 magnas
859 2652 1011 2752 utilitates,

122 2747 126 2764 ‘
151 2742 333 2811 adipiscimur
353 2740 559 2809 conspiratione
579 2741 725 2793 hominum
745 2745 830 2807 atque
850 2757 993 2807 consensu,
1034 2772 1043 2821 3

152 2821 192 2872 sic
207 2822 284 2873 nulla
298 2825 357 2873 tam
372 2820 547 2873 detestabilis
562 2821 648 2889 pestis
668 2827 709 2873 cst
724 2837 794 2889 quae
814 2838 870 2873 non
886 2822 994 2873 homini
1030 2812 1035 2845 l

152 2902 189 2953 ab
201 2900 315 2953 homine
327 2906 464 2955 nascatur.
500 2902 550 2953 Est
564 2902 729 2955 Dicaearchi
743 2902 814 2955 liber
829 2903 865 2955 de
878 2901 994 2954 interitu
1009 2899 1011 2910 ⁴

152 2981 307 3046 homiuum,
319 2981 498 3050 Peripatetici
513 2982 609 3050 magni
625 2987 652 3034 et
671 2982 786 3050 copiosi,
801 2982 850 3048 qui
869 2980 994 3035 collectis

153 3061 252 3113 ceteris
274 3061 364 3114 causis
386 3061 531 3128 eluvionis,
549 3062 733 3130 pestilentiae,
750 3063 898 3126 vastitatis,
918 3061 994 3113 belu-

152 3157 233 3197 arum
252 3140 337 3195 etiam
355 3142 517 3213 repentinae
536 3141 733 3209 multitudinis,
750 3157 865 3209 quarum
886 3141 1009 3211 impetu.
