2242 3542
143 165 174 211 86
374 160 412 209 M.
430 158 556 209 TULLII
579 156 770 207 clausores

143 242 217 296 nullo
228 241 287 295 loco
297 240 470 295 excluditur:
486 253 625 306 nunqnam
643 233 842 303 intempestiva,
858 247 999 300 nunquam

144 322 257 366 molesta
276 318 334 365 est:
352 313 445 377 itaque
464 327 517 364 non
535 326 613 377 aqua,
631 326 684 361 non
702 308 767 375 igni,
785 311 816 360 ut
834 307 917 372 aiunt,
930 306 998 357 loeis

143 388 267 455 pluribus
289 388 392 439 utimur
415 402 497 453 quam
519 385 646 437 amicitia.
681 384 780 450 Neque
802 398 854 448 ego
872 398 943 433 nunc
961 380 998 433 de

145 463 245 531 vulgari
257 463 306 515 aut
317 459 353 513 de
365 458 503 525 mediocri,
516 475 587 526 quae
600 461 693 511 tamen
710 458 771 526 ipsa
789 461 818 512 et
834 458 954 514 delectat
965 463 998 513 et

141 538 261 606 prodest,
288 536 337 589 sed
355 535 391 588 de
409 551 474 587 vera
492 540 520 588 ot
532 534 655 602 perfecta
672 534 768 602 loquor
790 534 878 602 qualis
900 552 996 587 corum

142 615 188 680 qui
217 613 294 681 pauci
319 612 492 665 nominantur
520 611 578 663 luit
633 610 706 663 Num
734 613 763 663 et
791 610 923 664 secundas
949 627 997 663 res

142 688 340 756 splendidiores
356 687 423 740 facit
442 686 571 753 amicitia,
589 689 619 739 et
634 686 765 739 adversas
782 687 905 754 partiens
923 703 996 741 com-

141 766 334 832 municansque
347 763 469 817 leviores,

198 840 265 893 Vll.
292 845 332 893 23.
362 839 507 906 Quumque
523 838 655 905 plurimas
673 841 703 891 et
725 838 858 891 maximas
878 855 995 892 commo-

141 916 244 971 ditates
265 916 383 969 amicitia
401 916 547 981 contineat,
568 919 628 968 tum
649 913 696 967 illa
720 914 848 967 nimirum
870 918 995 983 praestat

141 992 266 1045 omnibus
295 991 369 1060 quod
392 991 465 1044 bona
489 1008 536 1059 spe
560 990 701 1058 praelucet
724 991 752 1042 in
776 994 916 1058 posterum
943 1007 994 1045 nec

141 1061 279 1120 debilitari
303 1067 411 1119 animos
435 1070 484 1119 aut
506 1066 604 1119 cadere
628 1067 739 1134 patitur.
789 1066 891 1119 Verum
921 1067 993 1119 enim

142 1142 258 1195 amicum
276 1142 323 1208 qui
345 1142 476 1209 intuetur,
501 1146 641 1209 tamquam
663 1142 805 1210 exemplar
827 1142 938 1211 aliquod
955 1144 994 1195 in·

41 1218 44 1223 “
141 1220 234 1269 tuetur
254 1217 303 1270 sui.
340 1216 471 1280 Quocirca
494 1222 524 1270 et
547 1218 675 1271 absentes
702 1218 804 1272 adsunt
828 1223 857 1271 et
881 1222 993 1285 egentes

141 1292 281 1345 abundant
298 1296 327 1346 et
345 1292 473 1346 imbecilli
491 1292 590 1359 valent,
610 1296 647 1360 et,
669 1294 744 1362 quod
763 1293 897 1347 difficilius
916 1295 992 1348 dictu

141 1372 190 1433 est,
199 1368 299 1421 mortui
312 1369 405 1422 vivunt
415 1389 423 1433 ;
440 1372 534 1421 tantus
554 1386 600 1421 eos
618 1368 710 1437 honos,
729 1371 866 1437 memoria,
885 1370 993 1425 deside·

140 1445 211 1497 rium
239 1444 415 1513 prosequitur
439 1445 594 1498 amicorum.
633 1446 675 1497 Ex
700 1462 754 1512 quo
780 1445 888 1499 illorum
911 1446 993 1501 beata
1060 1515 1066 1519 ἢ

140 1537 212 1573 mors
226 1520 342 1588 videtur,
354 1520 450 1573 horum
467 1522 525 1574 vita
537 1520 688 1573 laudabilis.
724 1521 803 1585 Quod
819 1522 842 1574 si
857 1524 991 1576 exemeris

141 1613 173 1648 ex
205 1614 296 1650 rerum
330 1600 429 1649 natura
459 1596 664 1651 benevolentiae
683 1597 916 1664 conjunctionem,
941 1616 992 1657 nec

142 1672 237 1725 domus
261 1673 316 1727 ulla
340 1690 389 1726 nec
413 1672 478 1725 urbs
500 1678 574 1726 stare
595 1674 715 1741 poterit3
737 1690 772 1725 ne
795 1673 854 1740 agri
878 1674 989 1742 quidem

141 1748 230 1802 cultus
257 1749 434 1817 permanebit.
478 1749 513 1801 Id
532 1749 555 1801 si
581 1750 670 1801 minus
698 1748 867 1816 intelligitur,
888 1754 992 1819 quanta

141 1824 181 1877 vis
197 1826 332 1878 amicitiae
347 1825 562 1893 concordiaeque
578 1825 615 1878 sit
627 1841 661 1876 cx
674 1824 888 1878 dissensionibus
907 1829 991 1895 atquc

142 1899 284 1953 discordiis
300 1902 403 1969 perpri
419 1904 519 1970 potest.
558 1900 634 1965 Quae
653 1902 724 1953 cuim
744 1900 841 1953 domus
860 1905 917 1955 tam
935 1907 990 1956 sta-

141 1976 211 2043 bilis,
225 1995 295 2045 qnae
308 1982 365 2031 tam
377 1978 456 2031 firma
473 1978 568 2031 civitas
585 1981 635 2044 est,
655 1994 726 2045 quae
744 1993 798 2029 nou
817 1977 887 2030 odiis
906 1982 989 2046 atque

140 2051 260 2107 discidiis
273 2054 398 2108 funditus
413 2055 500 2122 possit
515 2054 622 2107 evertil
642 2070 676 2106 ex
698 2070 752 2121 quo
774 2059 906 2121 qnantum
925 2054 988 2107 boni

137 2129 173 2182 sit
200 2130 228 2182 iu
258 2131 377 2184 amicitia
411 2130 531 2199 judicari
565 2133 664 2198 potest.
709 2136 749 2182 24.
776 2130 988 2197 Agrigentinum

135 2206 246 2274 quidem
268 2206 378 2260 doctum
404 2207 540 2276 quendam
565 2207 654 2259 virum
683 2205 848 2259 carminibus
876 2206 988 2279 Graecis

11 2292 61 2313 f*
136 2282 309 2335 vaticinatum
322 2284 421 2349 ierunt,
430 2300 500 2351 quae
509 2284 637 2336 iurerum
647 2286 745 2335 natura
761 2285 875 2350 totoque
887 2284 987 2336 mundo

135 2362 290 2411 constarent
313 2375 438 2425 quaeque
461 2361 645 2423 moverentur,
663 2374 695 2410 ea
712 2358 872 2411 contrahere
896 2360 987 2413 amici-

133 2433 207 2497 tiam,
224 2433 357 2501 dissiparc
375 2434 545 2486 discordiam.
584 2435 678 2500 Atque
695 2433 746 2485 hoc
766 2434 878 2500 quidem
894 2451 987 2488 omnes

134 2503 262 2562 mortales
275 2512 304 2562 et
322 2509 478 2575 intelligunt
491 2514 519 2562 et
531 2526 561 2562 re
573 2507 701 2577 probant.
738 2509 837 2577 Itaque
846 2510 869 2562 si
878 2512 987 2579 quaudo
1011 2535 1017 2550 ·
1107 2509 1110 2535 ²

133 2585 245 2653 aliquod
258 2585 374 2639 officium
392 2585 500 2638 exstitit
513 2585 592 2638 amici
605 2585 632 2636 in
644 2584 773 2651 periculis
786 2590 835 2638 aut
853 2585 987 2640 adeundis
1028 2618 1032 2626 ·

133 2666 180 2715 aut
197 2663 433 2728 communicandis,
446 2662 508 2730 quis
526 2666 569 2715 est
582 2660 671 2729 quiid
684 2677 737 2713 non
750 2661 876 2715 mammis
890 2664 987 2718 efferat

133 2737 281 2793 laudibusl
319 2740 372 2803 Qui
388 2739 518 2791 clamores
536 2742 597 2791 tota
614 2731 700 2789 casca'
715 2752 803 2803 nuper
822 2738 850 2789 in
871 2736 986 2806 hospitis

133 2817 162 2867 et
181 2815 261 2867 amici
275 2817 329 2869 mei
345 2816 381 2868 M.
396 2815 504 2867 Pacuvii
521 2830 591 2867 nova
607 2812 717 2876 iabula;
738 2829 821 2880 quum
844 2812 985 2877 ignorante
1001 2858 1008 2865 .

133 2907 198 2958 rege
220 2895 282 2944 uter
304 2887 420 2962 [corula]
443 2894 516 2944 esset
537 2890 658 2957 Orestes,
672 2889 788 2956 Pylades
809 2888 935 2941 Orestem
955 2905 984 2942 se
1029 2910 1033 2915 ·

133 2984 192 3019 esse
212 2967 325 3034 diceret,
338 2970 370 3020 ut
382 2982 432 3034 pro
450 2965 497 3020 illo
516 2970 680 3029 necaretur;
700 2966 814 3017 Orestes
833 2968 933 3030 autem,
945 2964 986 3017 ita
1093 2976 1100 2985 ⁴

133 3052 164 3095 ut
185 3048 253 3109 erat,
272 3043 399 3096 Orestem
419 3058 448 3095 se
468 3058 528 3095 esse
546 3045 744 3111 perseveraret.
780 3040 893 3093 Stantes
909 3039 984 3107 plau-

133 3119 235 3173 debant
255 3120 282 3172 in
302 3137 332 3172 re
353 3119 432 3171 ficta:
455 3118 523 3185 quid
545 3118 712 3171 arbitramur
735 3116 762 3168 in
781 3132 847 3168 vera
864 3114 984 3169 facturos

132 3192 235 3250 luisset
272 3196 364 3249 Facile
375 3193 516 3249 iudicabat
531 3195 592 3263 ipsa
605 3197 704 3247 natura
721 3192 776 3245 vim
794 3207 879 3255 stram,
899 3208 983 3259 quum
