2242 3542
147 150 172 207 ’4
386 155 422 205 Μ.
441 155 569 205 TULLII
587 154 779 204 clennonls

106 266 122 307 μ
156 255 207 292 non
221 238 318 306 gravis.
354 242 378 290 9.
404 236 555 306 Aptissima
568 238 677 291 omnino
689 241 761 303 sunt,
779 236 868 303 Scipio
881 238 910 289 et
923 234 999 301 Laeli,

102 315 108 357 l
156 330 231 366 arma
244 314 392 367 senectutis
405 317 478 365 artes
496 314 760 380 exercitationesque
779 313 919 372 virtutum,
935 328 999 380 quac
1081 321 1084 382 ζ

156 388 184 439 in
209 388 281 439 omni
305 392 395 441 aetate
420 387 515 450 cultae,
536 406 621 457 quum
644 388 690 442 diu
709 388 879 456 multumque
898 388 999 451 vixeris,

156 462 283 515 mirificos
308 462 425 516 efferunt
448 464 560 529 1166166,
584 481 638 517 non
662 464 748 517 solum
776 464 840 531 quia
867 478 1001 531 nunquam

157 536 289 590 deserunt
309 554 344 591 ne
368 542 491 591 extremo
511 539 622 607 quidem
642 543 766 606 tempore
785 539 892 605 aetatis,
912 554 1001 606 quam-

158 630 240 683 quanr
256 614 285 666 id
298 614 407 682 quidem
425 617 570 668 maximum
589 620 639 680 est,
657 632 750 669 verum
768 616 851 669 etiam
868 615 931 681 quia
945 630 1003 666 con-

160 691 271 742 scientia
290 690 359 743 bene
378 694 455 744 actae
473 692 546 743 vitae
564 692 768 759 multorumque
786 690 1004 743 benefactorum

124 764 148 847 ‘s
159 765 314 819 recordatio
328 765 527 834 jucundissima
540 771 589 819 661.

211 843 260 893 IV.
299 846 338 893 10.
353 845 423 908 ,Ego
444 838 474 903 Q.
489 838 647 903 Maximum,
663 854 726 891 enm
744 838 789 905 qui
805 838 952 891 Tarentum
965 854 1004 891 re

157 916 237 983 cepit,
260 916 417 969 adolescens
433 915 472 969 ita
494 914 578 967 dilexi
596 931 687 968 senem
704 918 736 968 ut
752 914 904 982 aequalem.
939 913 1008 986 nat,

158 992 230 1043 661111
242 992 270 1043 111
288 991 333 1043 1116
346 992 403 1043 viro
417 992 544 1044 comitate
556 990 667 1043 condita
678 992 807 1057 gravitas,
820 1006 869 1042 nec
882 993 1005 1042 senectus
1079 993 1085 1056 1

158 1083 247 1119 merres
268 1070 437 1130 rnutaverat;
466 1083 632 1133 quamquam
656 1084 717 1119 eum
742 1065 830 1119 colere
853 1066 930 1133 coepi
953 1082 1005 1118 non
1084 1071 1085 1100 l

158 1142 307 1194 admodum
318 1141 451 1209 grandem
463 1145 539 1208 natu,
554 1141 604 1194 sed
615 1146 707 1194 tamen
718 1142 777 1208 jam
794 1145 885 1193 aetate
897 1157 1006 1208 provec-

159 1222 224 1270 tum.
262 1220 343 1270 Anno
356 1218 427 1270 enim
440 1220 503 1285 post
519 1217 611 1269 consul
624 1218 742 1285 primum
758 1216 848 1269 fuerat
862 1233 944 1284 quam
956 1233 1006 1283 ege
1084 1213 1085 1274 l

147 1297 239 1345 -natus
258 1310 325 1361 sum,
341 1310 457 1362 cumque
472 1310 504 1346 eo
522 1297 650 1361 quartum
667 1292 775 1345 consule
791 1291 1006 1344 adolescentulus
1084 1297 1085 1340 l

160 1370 236 1422 miles
255 1370 291 1421 ad
307 1370 427 1438 Capuam
447 1370 587 1437 profectus
606 1385 673 1434 sum,
691 1368 841 1436 quintoque
858 1383 929 1419 anno
945 1371 1006 1435 post
1083 1371 1085 1415 i

159 1446 195 1496 nd
214 1445 367 1499 Tarentum.
404 1446 539 1507 Quaestor
559 1444 660 1497 deinde
678 1442 854 1510 quadriennio
873 1447 935 1510 post
953 1443 1007 1495 iac·

159 1524 204 1573 tus
224 1536 290 1588 66111,
311 1538 392 1589 quem
408 1521 599 1587 magistratum
613 1520 685 1587 gessi
701 1518 855 1571 consulibus
872 1518 1007 1571 Tuditano
1084 1537 1085 1552 ³

160 1604 189 1649 et
208 1596 335 1663 Cethego,
355 1613 438 1663 quum
460 1595 571 1663 quidem
589 1595 635 1647 1116
652 1594 799 1647 admodum
815 1597 898 1647 senex
913 1610 1007 1647 suasor
1084 1571 1085 1620 l

159 1672 227 1739 legis
245 1672 352 1725 Cinciae
367 1671 402 1723 de
417 1672 494 1723 donis
507 1674 536 1723 61
548 1670 707 1723 muneribus
721 1671 780 1723 init.
817 1670 870 1722 Hic
889 1675 917 1723 et
935 1669 1007 1723 bella

140 1747 274 1814 gerebat
297 1751 329 1799 ut
349 1747 512 1813 adolescens,
535 1763 618 1813 quum
642 1746 723 1812 piane
745 1746 856 1813 grandis
877 1750 957 1810 esset,
977 1750 1007 1799 61

123 1860 127 1865 -
161 1822 324 1875 Annibalem
332 1821 492 1889 juveniliter
504 1822 686 1876 exsultantem
700 1822 832 1890 patientia
845 1838 893 1874 sua
905 1821 1007 1875 rnollie

145 1897 222 1964 .bat;
239 1898 274 1951 de
287 1914 340 1965 quo
352 1898 490 1966 praeclare
500 1898 643 1951 familiaris
656 1901 748 1951 noster
762 1898 878 1950 Ennius:
1084 1893 1085 1896 ’

256 1989 330 2037 Unus
342 1990 414 2036 homo
426 1989 496 2037 nobis
508 1990 648 2038 cunctando
660 1990 770 2037 1661111111
782 2005 841 2047 rem,

257 2053 316 2101 Non
327 2056 392 2101 euim
403 2070 513 2102 rumores
525 2056 634 2117 ponebat
645 2062 704 2102 ante
714 2054 827 2101 salutern.

257 2118 324 2182 Ergo
335 2124 439 2183 postque
450 2120 578 2182 magisque
589 2121 638 2191 viri·
646 2136 713 2167 nuuc
724 2120 803 2181 gloria
814 2118 897 2167 claret.

162 2210 201 2257 11.
227 2204 374 2259 Tarentum
386 2220 451 2258 vero
463 2222 518 2273 qua
529 2206 676 2273 vigilantia,
690 2221 744 2272 quo
759 2204 870 2258 consilio
886 2203 1006 2272 recepit!

160 2298 243 2349 quum
256 2282 366 2349 quidem
378 2298 422 2334 me
432 2281 560 2335 audiente
574 2281 724 2347 Salinatori,
737 2282 783 2349 qui
795 2280 894 2333 amisso
906 2279 1009 2347 oppido
1084 2301 1085 2328 1

160 2357 267 2423 ingerat
279 2358 307 2409 in
319 2374 415 2420 arcem,
431 2358 559 2425 glorianti
571 2361 655 2425 atque
665 2358 706 2411 ita
718 2357 827 2420 dicenti,
841 2358 905 2409 Mea
916 2372 1009 2424 opera,

161 2432 190 2495 Q.
206 2431 279 2498 Fabi,
295 2432 440 2486 Tarentum
459 2433 595 2501 recepisti,
614 2433 704 2498 Certe,
719 2432 808 2502 inquit
825 2431 926 2498 ridens,
944 2448 1009 2485 nam

161 2508 210 2559 nisi
230 2511 261 2562 tu
282 2508 424 2576 amisisses,
446 2525 583 2577 nunquam
602 2509 773 2576 recepissem.
816 2507 838 2557 N
843 2524 873 2560 66
894 2523 959 2559 vero
980 2508 1011 2559 in

160 2583 242 2635 armis
264 2584 447 2651 praestantior
468 2602 550 2653 quam
570 2585 598 2637 in
617 2588 689 2651 toga,
712 2583 760 2651 qui
784 2583 877 2636 consul
899 2582 1012 2647 iteruin,

160 2661 204 2727 Sp.
229 2659 345 2712 Carvilio
369 2660 472 2727 collega
496 2662 660 2727 quiescente,
685 2659 713 2712 C.
739 2659 873 2711 Flaminio
897 2658 1012 2711 tribuno

141 2776 144 2782 .
160 2734 247 2802 plebis
266 2734 357 2801 quoad
375 2736 465 2802 potuit
484 2736 587 2789 restitit
605 2751 701 2802 agrum
722 2734 861 2787 Picentem
879 2738 908 2787 et
926 2733 1014 2787 Galli-

160 2827 220 2864 cum
247 2811 350 2863 viritim
377 2816 472 2865 contra
496 2813 613 2865 Senatus
638 2811 829 2864 auctoritatem
855 2810 1014 2875 dividenti3

160 2903 301 2954 augurque
314 2904 397 2954 quum
411 2892 489 2951 esset,
502 2888 594 2942 dicere
606 2904 689 2940 ausus
701 2890 744 2940 est
758 2887 869 2954 optimis
881 2886 1014 2954 auspiciis

160 2977 192 3013 ca
211 2961 270 3027 geri
290 2977 360 3029 qnae
379 2978 429 3029 pro
446 2963 485 3015 161
502 2962 627 3029 publicae
645 2963 734 3016 salute
750 2967 918 3030 gererentur,
937 2978 1015 3029 quac

159 3040 253 3089 contra
266 3053 323 3089 rem
333 3037 470 3105 publicam
483 3039 622 3091 ferrentur
634 3043 729 3092 contra
738 3038 857 3105 auspicia
869 3038 942 3090 16111.
971 3043 1014 3089 12.

161 3112 250 3164 Multa
261 3112 330 3165 ineo
344 3112 401 3165 viro
413 3113 552 3179 praeclara
563 3115 682 3181 cognovi,
697 3114 746 3166 sed
759 3113 825 3166 nihil
837 3116 880 3166 661
892 3111 1015 3165 admira-

174 3186 241 3238 llius
253 3204 335 3255 quam
348 3188 485 3256 quomodo
502 3189 548 3243 illc
565 3194 683 3243 mortem
701 3190 750 3242 filii
762 3190 827 3244 tulit
838 3188 903 3242 clari
915 3187 970 3240 viri
983 3193 1015 3241 61
