2242 3542
135 149 166 196 el
217 171 219 178 ·
366 134 758 196 11.1111111111111111111111

134 229 228 281 videar
246 227 449 295 aliquandoque
473 227 500 280 in
520 231 631 296 portum
655 245 690 280 ex
712 228 793 295 longa
813 229 988 297 navigatione

136 321 195 358 csse
211 309 351 358 venturus.
910 297 914 305 “
954 373 956 376 .

140 449 142 454 Δ
187 381 248 434 XX.
279 385 331 438 .72.
365 380 492 433 Omnium
520 384 643 434 aetatum
665 384 757 434 certus
776 386 819 434 est
836 383 986 437 terminus:

134 459 283 511 senectutis
302 460 395 510 autem
413 456 503 509 nullus
522 461 616 511 certus
632 462 675 510 est
693 457 834 523 terminus,
855 463 986 526 recteque

134 533 162 585 in
174 551 207 586 ca
218 534 325 600 vivitur,
345 533 435 601 quoad
449 550 546 586 munus
564 533 645 587 officii
662 533 776 601 exsequi
794 536 824 585 et
842 534 914 586 tueri
925 551 986 602 poe

134 609 170 662 sis
189 613 217 662 et
235 612 327 662 tamen
344 612 460 662 mortem
480 613 662 662 contemnere.
699 610 740 661 Ex
758 626 813 677 quo
831 609 864 661 fit
881 615 913 662 ut
931 611 986 662 ani-

134 684 234 737 mosior
246 686 329 737 etiam
344 688 471 737 senectus
490 685 525 739 sit
543 702 625 753 quam
643 684 828 738 adolescentia
840 690 869 738 et
880 685 992 738 fertior.

136 761 195 812 llee
219 761 288 812 illud
312 765 355 814 cst
379 761 453 828 quod
475 761 620 813 Pisistrato
643 765 758 828 tyranne
783 779 799 813 a
823 761 920 814 Solone
944 779 986 816 re-

134 852 261 903 sponsum
274 841 324 903 est,
338 854 421 904 quum
434 836 474 888 illi
487 837 639 904 quaerenti,
649 853 705 905 qua
716 838 828 890 tandem
840 853 889 904 spe
898 838 986 891 fretus

133 911 184 965 sibi
205 916 263 966 tam
283 913 423 966 audaciter
445 913 599 979 obsisteret,
624 913 794 981 respondisse
821 913 985 967 1111111181ι

133 993 250 1042 nectute.
286 990 341 1042 Sed
360 989 468 1042 uiuendi
488 993 530 1042 est
549 989 610 1040 finis
628 990 754 1056 optimus,
774 1006 858 1057 quum
877 990 986 1056 integra

133 1069 225 1118 mente
238 1067 393 1134 ceterisque
408 1065 532 1117 sensibus
545 1082 613 1132 opus
624 1066 684 1132 ipsa
700 1082 780 1116 suum
798 1065 895 1118 eedem
913 1083 984 1133 quac

133 1142 331 1206 coagmentavit
341 1144 439 1193 natura
451 1139 582 1193 dissolvit.
614 1141 654 1193 Ut
666 1157 770 1208 navem,
782 1145 814 1193 ut
826 1141 982 1194 aedificium

132 1215 206 1268 idem
230 1215 348 1269 destruit
372 1216 499 1268 facillime
526 1217 573 1284 qui
600 1217 760 1283 construxit,
785 1217 824 1269 sie
846 1217 984 1270 hominem

133 1291 229 1344 eadem
241 1293 342 1360 optime
355 1309 425 1360 quae
438 1293 634 1359 conglutinavit
645 1296 745 1362 natura
757 1293 888 1346 dissolvit.
918 1294 936 1345 J
938 1310 984 1346 am

133 1369 219 1421 omnis
231 1368 425 1436 conglutinatio
438 1386 532 1422 reeens
544 1386 635 1436 aegre,
643 1371 797 1422 inveterata
808 1369 887 1422 facile
899 1369 983 1422 divel-
1060 1402 1065 1407 ·
1108 1380 1109 1383 ’

132 1443 204 1497 litur.
241 1446 286 1498 Ita
305 1445 338 1497 fit
352 1448 383 1498 ut
401 1445 471 1498 illud
488 1445 572 1498 breve
590 1446 663 1498 ritae
681 1445 817 1512 reliquum
834 1461 885 1497 nec
903 1446 984 1498 avide

132 1522 316 1589 appetendum
336 1521 445 1574 senibus
468 1538 519 1574 nec
542 1522 600 1574 sine
625 1537 706 1574 causa
726 1520 907 1573 deserendum
930 1522 985 1586 sit3

132 1601 262 1665 vetatque
276 1597 444 1664 Pythagoras
455 1596 561 1665 injussu
572 1597 751 1664 imperatoris,
764 1595 794 1649 id
811 1600 861 1663 est,
877 1596 931 1662 dei,
947 1596 985 1650 de

131 1674 266 1740 praesidio
280 1678 308 1726 et
321 1674 437 1726 statione
446 1674 519 1726 vitae
527 1673 668 1726 decedere.
695 1677 734 1729 73.
755 1672 860 1725 Solonis
870 1672 983 1739 quidem

132 1750 263 1817 sapientis
281 1749 398 1816 elogium
417 1753 466 1815 est,
486 1765 539 1817 quo
553 1766 582 1802 so
594 1748 759 1816 negatuelle
771 1765 847 1800 suam
866 1751 983 1800 mortem

110 1832 225 1921 ,dolore
243 1834 389 1898 aulicorum
411 1836 440 1886 et
460 1833 587 1886 lamentis
608 1849 711 1885 vacue.
749 1831 824 1896 Vult,
843 1830 933 1895 crede,
953 1847 984 1884 se

112 1930 115 1955 1
131 1925 191 1963 esse
204 1925 296 1962 corum
309 1909 364 1962 suis
375 1930 381 1973 ;
400 1909 449 1961 scd
460 1908 533 1960 houd
543 1907 601 1960 ¹scie
614 1926 647 1960 en
660 1908 757 1960 melius
769 1907 889 1962 Ennius:

112 1968 117 2102 l
228 1987 309 2034 Nemo
321 2003 360 2032 me
372 1986 487 2032 lacrumis
499 1985 597 2032 deceret
609 2002 689 2047 neque
700 1986 789 2032 funera
799 1984 859 2031 fietu
885 1999 891 2008 ·

229 2059 311 2107 Faxic.

132 2142 172 2194 74.
191 2138 217 2190 N
219 2155 253 2191 en
266 2141 359 2191 censet
371 2137 519 2204 lugendam
539 2153 598 2188 csse
617 2141 733 2190 mertem
747 2154 828 2204 quam
841 2129 980 2189 immeritor

130 2212 193 2267 litas
214 2217 403 2282 consequatur.
441 2213 505 2265 Jam
527 2229 624 2265 sensus
641 2212 776 2265 moriendi
800 2212 898 2280 aliquis
920 2227 982 2265 csse

130 2295 228 2359 ¹potest,
246 2291 324 2358 isque
341 2290 376 2342 ad
390 2290 518 2357 exiguum
530 2293 640 2357 tempus
651 2290 812 2357 praesertim
829 2290 900 2342 seni:
917 2300 983 2357 post

131 2366 380 2434 mertemquidcm
400 2382 493 2418 sensus
518 2370 567 2418 aut
586 2367 723 2433 «spanum
748 2370 796 2418 aut
818 2366 908 2419 nullus
929 2371 982 2419 est

132 2444 186 2496 Sed
197 2443 248 2495 hoc
260 2442 424 2494 meditatum
438 2442 472 2493 ab
485 2440 668 2494 adolescentie
685 2441 768 2495 debet
786 2459 845 2494 esse
863 2448 981 2496 mortem
1043 2478 1045 2480 v

131 2523 162 2572 nt
184 2518 359 2586 negligamus,
381 2519 438 2570 sine
462 2534 517 2586 qua
539 2518 717 2572 meditatione
747 2518 895 2586 tranquille
920 2535 982 2572 esse

130 2596 220 2648 animo
231 2612 311 2648 nemo
327 2598 425 2664 potest.
462 2594 635 2648 Mcriendum
653 2596 726 2648 enim
744 2599 819 2648 certe
837 2599 886 2662 cst,
905 2598 934 2647 et
951 2596 983 2648 id

131 2672 264 2724 incertum
277 2689 311 2724 an
324 2688 355 2724 ee
367 2672 426 2739 ipso
439 2671 491 2724 die.
530 2672 649 2725 Mortem
666 2672 751 2739 igitur
769 2671 894 2724 omnibus
906 2670 983 2724 heris

130 2747 334 2816 impendentem
346 2747 446 2800 timens
458 2749 505 2816 qui
518 2749 621 2816 poterit
633 2748 722 2800 animo
734 2748 903 2800 consisteret
940 2751 981 2803 75.

131 2824 173 2876 De
193 2841 248 2892 qua
265 2840 318 2876 nen
335 2825 374 2877 ita
390 2823 470 2892 longa
488 2825 672 2892 disputatione
694 2841 761 2891 opus
783 2840 842 2876 esse
863 2823 983 2886 videtur,

131 2917 215 2968 quum
230 2900 358 2956 recorder
376 2917 430 2953 non
451 2901 478 2954 L.
496 2901 612 2953 Brutum
631 2901 677 2968 qui
695 2901 723 2953 in
739 2900 879 2952 liberanda
891 2900 984 2966 patria

131 2979 173 3028 cst
184 2977 353 3044 interfectus,
366 2993 419 3029 non
432 2977 486 3030 duo
501 2977 599 3028 Decies
611 2977 658 3044 qui
669 2975 706 3028 ad
718 2976 898 3028 voluntariam
910 2991 983 3026 mor-

131 3056 186 3104 tem
199 3070 307 3106 eursum
324 3069 456 3120 equorum
472 3053 661 3117 incitaverunt,
679 3068 733 3103 non
752 3051 790 3102 M.
804 3051 918 3103 Atilium
932 3052 983 3117 qui

131 3128 168 3180 ad
180 3131 340 3198 supplicium
357 3132 399 3181 est
410 3128 550 3195 profectus
561 3131 600 3180 ,ut
617 3127 701 3179 fidem
718 3127 790 3180 hosti
805 3126 899 3179 datam
917 3141 984 3178 eon·-

133 3210 262 3272 scrvaret,
275 3223 328 3258 non
341 3205 395 3257 duc
408 3204 545 3272 Scipiones
564 3203 610 3271 qui
625 3203 680 3255 iter
698 3203 794 3254 Poenis
806 3202 848 3254 vel
863 3203 984 3270 111111011-
