2242 3542
157 14 417 127 imi-*ml
621 3 1028 145 &me

242 151 362 212 Llss..,1
383 151 461 201 CAP.
478 150 609 200 XXXIII.
614 148 789 211 -.‚§XXXV
805 152 928 199 121-128.
962 153 993 199 10

162 252 223 289 rere
238 252 385 305 personam
404 235 527 289 civitatis
541 235 698 303 debereque
716 234 777 287 eius
775 148 963 305 §dignitatem
982 239 1010 287 et

162 319 251 370 decus
267 316 408 385 sustinere,
420 332 530 370 servare
546 318 631 385 leges,
644 316 706 368 iura
720 316 884 384 describere,
898 332 930 367 ea
945 316 1011 369 fidei

163 414 231 451 suae
250 398 396 451 commissa
415 398 582 451 meminisse
619 397 765 450 Privatum
785 402 880 450 autem
899 402 1011 466 oportet

161 496 256 548 aequo
275 484 303 532 ct
319 480 379 548 pari
397 495 460 531 eum
478 479 588 531 civibus
603 478 663 531 iure
678 478 772 533 vivere
788 495 879 547 neque
895 479 1011 531 submis-

162 577 227 613 sum
240 564 269 612 et
278 560 418 613 abiectum
427 576 517 629 neque
529 577 558 613 se
571 559 737 628 efferentem,
746 564 807 613 tum
819 564 849 612 in
858 577 887 613 re
897 560 1011 630 publiea
1049 588 1084 623 a.

163 641 293 706 cavelle,
309 656 379 709 quae
395 641 546 707 tranquilla
562 645 591 693 et
607 641 724 694 honesta
740 640 813 695 sint:
835 641 920 693 talem
937 641 1012 693 errim

162 722 286 773 solemus
298 725 326 773 et
339 721 440 774 sentire
452 721 559 773 bonum
572 721 663 773 civem
675 726 704 774 et
716 721 816 776 dicere.
856 725 914 775 125.
931 723 1011 773 Pere-

163 801 241 870 grini
262 806 356 856 autem
375 807 459 869 atque
480 802 589 854 incolae
609 802 731 855 officium
752 807 794 855 est
811 802 883 854 nihil
901 809 1011 870 praeter

165 898 246 935 suum
258 882 405 951 negotium
419 898 508 951 agere,
519 882 592 934 nihil
605 884 641 935 de
657 882 714 934 alio
729 883 874 951 anquirere
886 882 1012 934 minime-

164 979 220 1031 que
233 979 290 1015 esse
303 962 475 1016 inalienare
489 962 603 1032 publica
615 963 762 1016 curiosum.
797 964 841 1015 Ita
850 962 907 1015 fere
920 961 1012 1033 officia

164 1044 347 1112 reperientur,
357 1060 422 1095 cum
434 1049 585 1111 quaeretur
596 1043 667 1111 quid
682 1044 780 1095 deceat
793 1043 902 1113 etquid
915 1049 1012 1113 aptum

163 1125 203 1176 sit
221 1125 354 1194 personis,
371 1125 552 1193 temporibus
569 1125 715 1178 aetatibus.
753 1124 834 1178 Nihil
856 1129 897 1177 est
916 1129 1011 1178 autem
1032 1163 1048 1228 β

164 1206 244 1273 quod
254 1212 311 1258 tam
325 1206 423 1259 deceat
432 1222 517 1274 quam
528 1205 558 1257 in
571 1206 649 1257 omni
661 1222 690 1258 re
702 1207 827 1276 gerenda
838 1206 1012 1274 consilioque
1058 1204 1065 1218 '

164 1286 304 1355 capiendo
318 1303 426 1339 servare
439 1288 635 1340 constantiam.

202 1368 319 1421 XXXV.
346 1370 404 1421 126.
424 1368 629 1435 sedquoniam
645 1368 777 1421 decorum
792 1368 865 1420 illud
878 1368 908 1420 in
923 1368 1011 1420 omni-

167 1449 219 1501 bus
231 1446 314 1501 factis
322 1448 415 1515 dictis,
424 1448 455 1499 in
468 1448 724 1517 corporis-denique
736 1454 816 1501 motu
827 1454 856 1501 et
868 1453 944 1500 statu
957 1464 1012 1501 cer-

167 1530 244 1581 nitur
261 1528 349 1596 idque
367 1528 491 1597 positum
510 1529 601 1582 estin
619 1529 711 1582 tribus
729 1530 819 1597 rebus,
831 1528 1011 1594 formositate,

165 1609 275 1677 ordine,
290 1613 390 1662 ornatu
411 1611 448 1662 ad
467 1610 606 1663 actionem
625 1615 700 1679 apto.
719 1609 883 1663 difficilibus
902 1611 939 1662 ad
958 1612 1012 1661 elo-

165 1691 319 1757 quendum,
331 1690 382 1743 sed
397 1690 467 1743 satis
485 1690 538 1743 erit
554 1690 690 1760 intellegi,
703 1691 734 1743 in
751 1691 796 1743 bis
814 1696 906 1744 autem
922 1691 1012 1743 tribus

166 1770 326 1825 continetur
336 1786 403 1823 cura
415 1771 499 1824 etiam
514 1771 573 1839 illa,
583 1777 615 1824 ut
627 1772 778 1840 probemur
792 1772 827 1824 iis
828 1772 1012 1842 ,quibuscum

166 1852 244 1921 apud
257 1868 382 1919 quosque
395 1852 530 1919 vivamus,
541 1852 587 1904 his
600 1867 711 1920 quoque
724 1852 759 1905 de
774 1853 856 1904 rebus
869 1869 958 1921 pauca
971 1853 1012 1904 di-

166 1939 233 1985 cant
236 1950 274 1986 ur
306 1932 450 2001 Principio
463 1932 588 2001 corporis
599 1933 689 1985 nostri
697 1949 827 2002 magnam
839 1940 940 1985 natura
952 1934 1034 2017 ipset

100 2004 103 2011 Α
168 2013 246 2065 videt
235 2018 280 2063 tur
292 2012 423 2065 habuisse
438 2013 583 2078 rationem,
595 2028 667 2079 quae
681 2013 798 2063 formam
813 2017 938 2065 nostram
953 2014 1010 2065 reli-

168 2108 309 2185 quamque
319 2088 465 2159 liguram,r
455 2110 484 2143 rn
495 2108 551 2160 qua
565 2093 884 2160 essetspecieshonesta,
896 2110 954 2145 eum
965 2111 1011 2162 po
1035 2126 1055 2196 Υ

168 2174 248 2226 suit
241 2189 270 2223 m
286 2178 426 2241 promptu,
441 2188 512 2239 quae
528 2179 621 2241 partes
636 2179 729 2225 autem
744 2173 869 2243 corporis
883 2174 919 2226 ad
934 2180 1007 2227 natu-

169 2271 215 2306 rae
231 2254 425 2307 necessitatem
438 2254 521 2306 datae
536 2258 679 2323 aspectum
694 2259 785 2307 essent
798 2254 950 2307 deformem
966 2257 1008 2308 ha·

170 2336 278 2386 biturae
291 2338 375 2401 atque
383 2334 505 2401 foedum,
514 2350 559 2387 eas
568 2334 695 2387 contexit
704 2340 788 2404 atque
798 2336 918 2390 abdidit.
954 2340 1011 2392 127,

170 2417 251 2467 Hanc
264 2418 379 2467 naturae
391 2420 452 2467 tam-
463 2415 630 2485 diligentem
642 2416 777 2469 fabricam
789 2417 900 2471 imitata
912 2424 952 2471 est
964 2420 1009 2471 lro

169 2496 277 2550 minum
293 2496 467 2549 verecundia.
505 2498 583 2563 Quae
598 2497 673 2550 enim
688 2504 786 2551 nature
800 2499 960 2565 occultavit,
971 2516 1006 2551 ea

169 2579 234 2630 dem
253 2576 412 2645 omnesqui
431 2594 496 2629 sana
515 2582 608 2631 mente
626 2583 691 2631 sunt
705 2584 850 2632 removent
866 2582 902 2631 ab
916 2580 1012 2645 oculis,

170 2658 279 2727 ipsique
293 2657 453 2711 necessitati
468 2660 539 2711 (lant
553 2675 667 2727 operam
682 2665 812 2727 utquam
826 2660 1013 2713 occultissime

169 2744 298 2806 pareant:
314 2754 488 2807 quarumque
496 2739 620 2808 partium
632 2741 756 2808 corporis
769 2757 835 2793 usus
846 2746 911 2793 sunt
922 2758 1008 2793 neces

169 2818 243 2879 sarii,
257 2834 302 2869 eas
318 2834 408 2886 neque
423 2824 516 2887 partes
530 2836 620 2887 neque
635 2836 729 2872 earum
743 2837 810 2873 usus
825 2821 882 2873 suis
896 2820 1012 2873 nomini-

170 2897 223 2949 bus
233 2898 383 2965 appellant,
394 2900 526 2967 quodque
537 2898 628 2951 facere
641 2899 728 2969 turpe·
736 2917 794 2953 non
809 2906 858 2969 est,
868 2899 954 2953 modo
969 2916 1009 2951 oc-

170 2978 252 3043 culte,
269 2977 299 3029 id
319 2978 410 3030 (licere
433 2979 582 3031 obscenum
603 2985 653 3033 est.
690 2981 789 3049 Itaque
808 2997 859 3033 nee
881 2980 955 3033 actio
974 2996 1010 3032 re-

171 3074 232 3112 rum
246 3058 357 3111 illarum
372 3063 468 3127 aperta
484 3064 530 3127 pet
519 3058 639 3111 talantia
653 3066 735 3112 vacat
748 3076 799 3113 nec
814 3059 949 3113 orationis
966 3060 1033 3132 ob·
1026 3036 1032 3092 i

170 3139 290 3194 scenitas
291 3140 394 3192 ..128
415 3139 474 3191 Nec
490 3156 554 3191 vero
573 3140 708 3192 audiendi
727 3144 792 3192 sunt
807 3139 905 3207 Cynici
924 3147 973 3193 aut
990 3140 1012 3193 si
