2242 3542
686 17 698 59 r
735 37 834 90 Μ,
891 35 895 50 ,

254 141 324 189 111,
341 122 374 201 1.,
392 139 588 189 1111111,
605 139 702 198 xxx,
720 137 734 198 1
751 141 873 187 roa-roe.
954 140 987 187 er

143 224 254 277 luxuria
270 230 298 276 et
311 224 430 276 delicate
446 238 479 275 ac
494 223 617 275 molliter
628 222 723 276 vivere
735 223 877 291 quamque
889 222 987 274 hones·

143 310 205 357 tum
221 320 312 373 parce,
323 304 507 372 continenter,
518 320 619 370 severe,
631 304 730 357 sobrie.

182 387 240 437 107.
254 385 480 453 Intellegendum
493 384 578 437 etiam
588 390 630 437 est
640 385 750 437 duabus
760 383 841 452 qnasi
853 399 904 435 nos
914 400 931 435 a
940 398 985 434 na·

143 472 207 519 tura
222 466 337 518 indutos
356 482 413 518 esse
429 466 561 535 personis,
573 481 689 533 quarum
705 482 761 517 nna
776 463 932 517 communis
947 469 988 515 est

144 563 179 599 ex
193 564 234 614 eo,
246 548 324 614 quod
338 563 432 599 omnes
444 546 598 615 participes
612 562 707 598 sumus
719 545 835 597 rationis
847 549 988 614 praestan-

144 628 256 695 tiaeque
272 627 339 693 eius,
351 643 407 695 qua
422 627 615 679 antecellimus
627 626 733 693 bestiis,
744 643 761 678 a
776 642 832 693 qua
844 642 926 677 omne
939 626 987 676 ho-

144 714 255 760 nestum
266 709 453 776 decorumque
461 707 585 761 trahitur
593 712 620 759 et
630 724 665 759 ex
675 723 730 775 qna
740 707 811 759 ratio
824 705 988 759 inveniendi

144 788 231 841 officii
251 789 415 857 exquiritur,
430 790 517 841 altera
532 795 634 854 autern,
648 804 719 856 quae
738 787 851 857 proprie
870 786 989 855 singulis

145 876 187 921 est
202 870 315 923 tributa.
355 872 394 923 Ut
407 869 481 921 enim
494 870 525 920 in
538 870 703 937 corporibus
715 885 833 937 magnae
847 867 989 921 dissimili-

144 951 258 1003 tudines
268 956 347 1003 sunt:
368 950 437 1001 alios
446 950 576 1001 videmus
585 949 734 1002 velocitate
744 949 781 1001 ad
791 965 910 1015 cursum,
919 948 989 999 alios

145 1031 253 1083 viribus
269 1032 304 1083 ud
322 1032 488 1082 luctandum
505 1031 605 1097 valere,
619 1029 743 1097 itemque
761 1029 792 1081 in
810 1028 907 1080 formis
926 1028 988 1080 aliis

145 1111 315 1181 dignitatem
329 1115 425 1177 inesse,
437 1110 500 1163 aliis
508 1114 691 1175 venustatem,
702 1109 742 1162 sic
752 1109 782 1161 11
794 1109 895 1161 animis
905 1108 988 1161 exsis-
1024 1166 1028 1173 ,

145 1196 211 1244 1111
223 1192 341 1244 11111111
357 1192 442 1243 etiam
456 1190 612 1244 varietates.
645 1193 704 1244 108.
720 1192 787 1243 Erat
800 1192 829 1242 in
843 1191 872 1244 L.
881 1191 987 1252 Crasso,

145 1272 174 1323 in
190 1272 220 1325 L.
230 1271 365 1340 Philippo
378 1274 483 1323 multus
496 1272 582 1341 lepos,
592 1271 681 1323 maior
692 1272 777 1323 etiam
792 1272 938 1339 magisque
952 1272 987 1322 de
1011 1274 1014 1281 '

134 1352 325 1407 industriam
339 1354 368 1406 O.
377 1354 492 1405 Caesare
505 1353 535 1404 L.
544 1353 592 1404 R:
612 1358 641 1404 at
654 1352 759 1404 eisdem
772 1352 946 1420 temporibus
958 1352 988 1402 in

145 1435 183 1487 M.
196 1434 300 1486 Scauro
313 1440 341 1485 et
353 1433 383 1484 in
396 1434 432 1485 M.
442 1434 533 1484 Druso
544 1433 720 1484 adolescente
730 1432 880 1501 singularis
890 1432 989 1483 severi-

145 1520 196 1582 111,
210 1514 240 1565 11
256 1514 284 1567 Ο.
294 1514 390 1566 Laelio
408 1514 498 1565 multa
517 1512 652 1580 1111111111,
665 1513 695 1565 11
710 1513 770 1565 1111
784 1512 916 1565 familiari
932 1514 989 1567 Sci·

146 1596 231 1663 pione
247 1594 365 1646 ambitio
380 1594 476 1659 maior,
487 1594 546 1647 vita
561 1593 674 1647 tristior.
712 1595 755 1646 De
768 1594 880 1647 Graecis
895 1600 989 1647 autem

146 1676 259 1727 dulcem
272 1679 300 1726 et
319 1674 440 1727 facetum
455 1673 605 1742 festivique
621 1674 754 1727 sermonis
769 1680 853 1743 atque
867 1675 897 1727 11
913 1675 989 1727 omni

147 1755 273 1807 oratione
286 1754 482 1822 simulatorem,
491 1771 574 1823 quem
588 1760 679 1823 εἴρωνα
691 1755 790 1808 Graeci
802 1756 988 1822 nominarunt,
1018 1787 1026 1804 e

148 1836 292 1889 Socratem
305 1834 477 1904 accepimus:
497 1845 594 1887 contra
606 1837 798 1903 Pythagoram
813 1842 841 1889 et
853 1838 988 1889 Periclem

146 1932 285 1969 summam
300 1915 495 1967 auctoritatem
511 1921 675 1967 consecutos
691 1916 749 1967 sine
766 1918 824 1969 ulla
839 1918 988 1970 hilaritate.

148 1996 291 2049 Callidum
307 1995 493 2047 Hannibalem
512 2012 547 2046 ex
562 1996 726 2062 Poenorum,
741 2013 774 2048 ex
793 1998 895 2049 nostris
914 1998 990 2049 duci-

148 2078 201 2128 bus
217 2076 248 2141 Q.
260 2075 414 2127 Maximum
433 2075 591 2143 accepimus
609 2075 690 2128 facile
710 2079 807 2145 celare,
821 2085 921 2141 tacere,
935 2080 990 2131 dis-

147 2158 286 2221 simulare,
295 2155 430 2220 insidiari,
439 2155 594 2223 praeripere
605 2156 729 2209 hostium
739 2158 863 2211 consilia.
891 2160 924 2210 In
935 2176 990 2225 quo

148 2254 250 2307 genere
260 2236 359 2288 Graeci
368 2238 584 2289 Themistoclem
597 2244 625 2289 et
638 2238 795 2291 Pheraeum
808 2240 935 2292 Iasonem
948 2257 990 2293 ce-

148 2318 217 2371 teris
235 2322 417 2385 anteponunt,
431 2316 461 2369 in
480 2316 634 2387 primisque
653 2317 794 2372 versutum
814 2324 842 2372 et
857 2322 990 2373 callidum

150 2395 255 2449 factum
269 2394 387 2461 Solonis,
397 2394 452 2464 qui,
462 2412 517 2463 quo
531 2399 558 2447 et
570 2394 659 2447 tutior
668 2394 727 2447 vita
737 2396 796 2449 eius
809 2404 881 2450 esset
891 2403 919 2451 et
928 2400 992 2467 plns

149 2475 295 2543 aliquanto
313 2474 499 2544 reipublicae
517 2474 671 2544 prodesset,
683 2474 774 2529 furere
792 2494 820 2529 se
841 2478 990 2535 simulavit

153 2562 211 2611 109.
227 2560 298 2611 Sunt
311 2556 355 2608 his
367 2555 415 2609 alii
429 2558 548 2609 multum
561 2557 694 2626 dispares,
705 2558 844 2626 simplices
857 2565 885 2610 et
894 2558 992 2627 aperti,

152 2639 201 2705 qui
213 2638 285 2690 nihil
298 2653 331 2689 cx
345 2638 465 2697 occulto,
475 2638 546 2690 nihil
558 2640 594 2690 de
606 2638 717 2690 insidiis
730 2639 871 2706 agendum
883 2646 991 2707 putant.

151 2718 277 2771 veritatis
303 2718 430 2784 cultores
451 2718 558 2771 fraudis
581 2719 697 2784 inimici,
720 2719 843 2791 itemque
867 2719 922 2782 alii,
944 2719 992 2785 qni

154 2798 267 2866 quidvis
283 2800 484 2867 perpetiantur,
495 2799 585 2851 cuivis
599 2799 765 2865 deserviant,
777 2801 845 2852 dum
858 2801 935 2868 qnod
950 2817 993 2851 ve-

153 2880 207 2930 lint
228 2887 438 2947 consequantur,
454 2886 485 2932 ut
507 2881 611 2933 Sullam
631 2884 660 2932 et
679 2882 716 2934 M.
731 2881 859 2933 Crassum
880 2881 993 2933 videba-

153 2976 222 3012 mus
255 2960 317 3025 Quo
329 2961 360 3012 in
375 2977 475 3030 genere
488 2960 706 3014 versutissimum
720 2966 748 3013 et
760 2961 993 3030 patientissimum

154 3040 406 3093 Lacedaemonium
415 3043 590 3109 Lysandrum
600 3041 765 3111 accepimus,
772 3047 924 3109 contraque
934 3042 993 3093 Cal·

138 3172 140 3179 ,
154 3121 655 3190 1111111111,111111111111111111111
666 3122 812 3191 prosimus
821 3127 885 3191 post
893 3123 991 3189 Lysan-
