2242 3542
346 388 386 444 M.
407 385 540 442 TULLII
562 384 733 478 ‘CICERON
736 387 771 441 18

40 555 43 560 ·
150 521 262 595 else
294 520 442 592 MAJOR
476 519 576 592 SIVE
608 520 665 592 DE
700 516 966 592 subactura

542 653 581 691 sn

285 753 316 809 Τ.
341 751 607 810 POMPONIUM
628 748 831 806 ATTICUM.

179 879 320 1059 piel
333 865 954 1000 ω-Τ-Γμη(
953 866 1058 982 «κζ’,

226 1012 290 1060 ..l
316 1011 565 1076 0T1ten1qu1dego
573 1013 673 1089 adjueru
686 1026 801 1058 curamve
811 1011 907 1056 levasso

313 1075 381 1134 Quae
393 1092 459 1124 nunc
471 1083 495 1124 te
507 1080 592 1140 coquit
604 1084 629 1124 et
639 1076 739 1124 versat'
733 1091 759 1122 iu
770 1080 868 1138 pectore
879 1074 937 1129 fixa,

314 1141 410 1204 Ecquid
422 1142 469 1189 erit
480 1144 590 1206 praemii

142 1227 221 1281 Licet
233 1227 305 1280 enim
317 1226 384 1279 mihi
396 1226 520 1281 versibus
539 1227 643 1280 eisdem
661 1225 738 1280 affari
756 1229 792 1293 te,
811 1224 913 1288 Attice,
931 1223 989 1290 qui-

143 1304 194 1358 bus
212 1303 311 1356 affatur
329 1303 509 1356 Flamininum

256 1395 302 1442 Ille
314 1395 351 1442 vir
363 1396 429 1442 haud
440 1411 531 1458 magna
542 1411 600 1442 cum
610 1411 644 1453 re,
658 1394 700 1442 sed
711 1392 796 1457 plenu'
806 1394 870 1441 fidei.

145 1481 315 1549 Quamquam
328 1484 404 1534 certo
417 1481 479 1546 seio,
491 1498 550 1546 non,
562 1484 595 1534 ut
608 1480 795 1545 Flamininum,

257 1582 389 1630 Sollicitari
400 1587 432 1641 te,
444 1582 507 1640 Tite,
522 1583 557 1630 sic
569 1588 703 1645 noctesque
713 1582 821 1645 diesque.

148 1677 216 1731 Novi
226 1677 298 1730 enim
311 1676 527 1730 moderationem
537 1677 621 1730 animi
632 1677 675 1730 tui
687 1681 715 1730 et
724 1677 899 1745 aequitatem,
908 1678 992 1744 teque

36 1795 38 1800 .
146 1771 198 1806 non
211 1770 358 1820 cognomen
375 1753 461 1806 solum
476 1753 595 1807 Athenis
607 1753 768 1821 deportasse
780 1753 830 1806 sed
842 1752 994 1806 humanita-

146 1834 203 1882 tem
225 1833 253 1882 ct
276 1829 452 1898 prudentiam
476 1829 606 1897 intelligo.
649 1830 684 1882 Et
707 1834 800 1883 tamen
820 1833 849 1882 te
872 1828 993 1896 suspicor

148 1906 251 1959 eisdem
268 1904 352 1958 rebus
371 1905 470 1972 quibus
489 1907 622 1974 meipsum
641 1906 780 1960 interdum
797 1906 907 1972 gravius
922 1921 994 1958 eom-

148 1982 256 2044 moveri,
269 1997 384 2049 quarum
397 1980 543 2035 consolatio
560 1986 590 2035 et
607 1982 694 2051 major
705 1986 749 2035 est
761 1982 828 2036 etin
840 1981 914 2034 aliud
925 1985 994 2034 tem-

148 2075 199 2126 pus
211 2057 369 2110 differenda.
406 2057 430 2110 N
433 2074 486 2110 unc
502 2061 596 2110 autem
609 2059 696 2110 visum
714 2060 758 2111 est
776 2056 843 2109 mihi
855 2057 891 2109 de
903 2073 994 2110 senec-

66 2176 80 2206 ..
150 2136 210 2186 tute
231 2132 336 2199 aliquid
357 2131 393 2184 ad
416 2135 445 2185 te
468 2133 646 2186 conscribere.
690 2139 712 2186 2.
745 2133 806 2186 lloc
823 2132 895 2186 enim
913 2149 995 2185 onere

150 2208 222 2276 quod
244 2207 310 2260 mihi
332 2223 473 2261 commune
494 2211 586 2261 tecum
605 2211 715 2261 estant
730 2209 789 2274 jam
806 2208 930 2275 urgentis
947 2211 996 2262 aut

150 2291 224 2338 certe
241 2283 415 2336 adventantis
439 2284 587 2338 senectutis
608 2287 637 2338 et
649 2287 679 2338 tc
695 2289 725 2341 et
741 2302 786 2338 me
802 2283 891 2352 ipsum
911 2283 996 2337 levari

151 2361 225 2414 volo:
245 2360 296 2412 etsi
309 2363 337 2412 te
349 2359 461 2427 quidem
474 2359 503 2412 id
515 2360 620 2413 modice
632 2377 664 2413 ee
676 2364 814 2428 sapienter
826 2360 895 2413 sicut
908 2361 998 2413 omnia

151 2442 180 2491 et
192 2438 263 2491 ferre
275 2440 304 2490 et
317 2436 435 2488 laturum
448 2453 508 2490 csse
520 2442 595 2490 certo
608 2437 670 2491 scio.
706 2437 762 2490 Sed
774 2436 847 2501 mihi,
861 2453 946 2504 quum
962 2437 997 2490 dc

152 2517 292 2567 senectute
304 2511 401 2565 vellem
414 2513 518 2581 aliquid
531 2513 660 2581 scribere,
677 2518 709 2567 tu
727 2513 887 2567 occurrebas
899 2513 998 2580 dignus

152 2607 184 2644 eo
197 2605 375 2657 munereque
391 2592 509 2657 uterque
525 2593 649 2643 nostrum
668 2590 847 2643 communiter
865 2593 997 2642 uteretur.

152 2665 222 2718 Mihi
240 2665 351 2733 quidem
369 2665 408 2718 ita
420 2664 544 2732 jucunda
562 2666 644 2734 hujus
662 2666 725 2720 libri
747 2665 879 2719 conlectio
896 2665 950 2717 fuit
968 2668 999 2716 ut

137 2758 204 2794 ¹non
223 2741 303 2793 modo
322 2756 416 2794 omnes
434 2741 596 2795 absterserit
618 2742 768 2795 senectutis
785 2741 931 2805 molestias,
950 2741 999 2795 sed

152 2816 271 2870 effecerit
283 2815 392 2870 mollem
405 2817 488 2870 etiam
506 2821 536 2870 ct
548 2815 699 2883 jucundam
712 2820 888 2871 senectutem.
924 2816 949 2869 N
952 2833 999 2868 un-

153 2908 235 2960 quam
246 2891 332 2961 igitur
343 2891 449 2946 laudari
468 2895 534 2946 satis
552 2894 635 2960 (ligno
647 2892 818 2961 philosophia
829 2892 940 2960 poterit,
956 2892 999 2944 eui

154 2968 201 3036 qni
218 2971 314 3036 pareat
334 2983 412 3020 onme
430 2973 541 3036 tempus
562 2969 663 3022 aetatis
686 2969 744 3021 sine
768 2968 894 3022 molestia
913 2966 1000 3035 possit

153 3043 262 3111 degere.
294 3049 318 3097 3.
343 3042 398 3096 Sed
415 3044 450 3097 de
466 3044 565 3098 ceteris
584 3048 613 3098 et
631 3044 750 3097 diximus
768 3044 855 3097 multa
872 3046 902 3095 et
919 3057 1000 3108 saepe

154 3119 288 3173 dicemus:
313 3118 384 3172 hunc
408 3118 507 3174 librum
532 3119 568 3174 de
592 3123 734 3174 senectute
758 3119 794 3172 ad
818 3123 847 3171 te
870 3117 1000 3172 misimus.

153 3193 269 3250 Omnem
290 3197 383 3250 autem
408 3212 560 3250 sermonem
585 3195 733 3250 tribuimus
755 3211 809 3249 non
827 3192 950 3257 Tithono,
968 3193 1001 3244 ut

976 3470 997 3504 Α
