2242 3542
354 142 424 191 1111.
440 143 503 203 111,
517 140 596 191 cnr.
614 141 635 191 1.
653 141 700 201 11.,
716 139 730 199 §
747 145 799 191 1-1.
957 146 1000 192 111

155 229 239 299 plura
253 225 334 280 brevi
347 229 471 295 tempore
487 240 583 277 eversa
598 240 683 293 quam
697 224 794 278 multis
813 226 893 279 annis
911 232 1003 281 stante

156 326 186 362 10
198 308 313 377 publica
325 306 494 376 scripsimus.

191 390 228 443 Π.
256 392 280 441 5.
298 388 354 441 Sed
365 403 428 439 cum
437 391 497 439 tota
505 385 696 455 philosophia,
706 386 745 438 mi
755 386 860 455 Cicero,
869 386 1003 458 frugifera

156 474 186 522 et
199 469 342 521 fructuosa
356 483 408 520 nec
423 467 482 519 ulla
497 482 561 535 pars
579 466 639 518 eius
657 466 765 519 inculte
783 483 816 520 ac
832 468 941 521 deserta
957 470 1001 537 sit,

155 557 218 603 tum
232 550 327 601 nullus
341 547 459 601 feracior
472 546 504 599 iu
518 563 551 599 ea
565 547 643 599 locus
662 552 704 600 est
722 563 774 599 1100
792 550 904 601 uberior
919 566 1002 619 quam

156 632 193 683 de
218 629 359 697 officiis,a
381 628 483 697 quibus
507 631 667 680 constanter
691 628 861 697 honesteque
885 631 1002 685 vivendi

156 714 304 780 praecepta
323 710 473 762 ducuntur.
508 708 570 773 Qua
592 724 621 759 10
639 724 809 777 quamquam
831 726 847 762 a
866 711 1002 780 Cratippo

155 795 259 858 nostro,
272 789 399 858 principe
415 787 498 840 huius
513 788 662 840 memoriae
676 788 918 859 philosophorum,
932 792 1001 844 haec

155 878 185 923 te
199 867 318 923 adsidue
333 868 430 922 audire
446 872 530 936 atque
550 868 675 937 accipere
694 869 814 935 confido,
828 874 922 923 tamen
938 888 1001 924 con·

156 951 258 1003 ducere
271 950 391 1003 arbitror
399 948 504 1001 talibus
516 964 597 1000 aures
609 954 671 1001 tuas
684 949 802 1002 vocibus
814 952 940 1020 undique
951 952 1001 1004 cir-

156 1047 318 1084 cumsonare
333 1046 385 1083 1100
400 1046 454 1096 eas,
467 1029 492 1081 si
505 1028 566 1082 fieri
580 1029 677 1099 possit,
688 1030 844 1099 quidquam
859 1032 937 1085 aliud
955 1050 1001 1085 au-

156 1113 225 1166 dire.
259 1114 283 1167 6.
301 1112 384 1178 Quod
398 1127 463 1163 cum
476 1110 606 1163 omnibus
620 1115 660 1163 est
673 1110 841 1181 faciendum,
853 1114 903 1181 qui
912 1114 1000 1168 vitam

155 1194 302 1245 honestam
318 1191 431 1261 ingredi
446 1191 580 1260 cogitant,
595 1196 655 1243 tum
670 1192 749 1246 haud
768 1193 825 1245 scio
844 1210 879 1246 an
895 1194 1003 1247 nemini

155 1273 348 1342 potiusquam
361 1272 422 1325 tibi.
461 1272 587 1324 Sustines
602 1272 677 1324 enim
691 1289 748 1325 non
760 1290 876 1342 parvam
889 1291 1001 1343 exspec-

155 1353 291 1405 tationem
303 1353 456 1405 imitandae
471 1350 627 1404 industriae
642 1356 761 1420 nostrae,
770 1370 900 1421 magnam
914 1355 1001 1406 hono-

155 1449 226 1501 rum,
242 1450 299 1485 11011
320 1435 428 1486 nullam
449 1432 566 1485 fortasse
588 1431 718 1486 nominis.
757 1434 909 1502 Suscepisti
931 1450 1001 1486 onus

155 1519 299 1583 praeterea
319 1531 404 1583 grave
425 1519 454 1566 01
468 1513 643 1565 Athenarum
665 1519 693 1565 01
712 1514 854 1582 Cratippi:
878 1514 914 1567 ad
930 1531 1001 1583 quos

156 1610 221 1646 cum
245 1599 388 1662 tamquam
410 1594 447 1647 ad
468 1599 654 1645 mercaturam
679 1594 813 1646 bonarum
838 1595 940 1647 artium
963 1596 1001 1647 sis

155 1673 306 1743 profectus,
319 1674 432 1727 inanem
450 1674 540 1726 redire
559 1674 753 1743 turpissimum
772 1679 813 1727 est
832 1675 1001 1729 dedecoren-

156 1762 212 1809 tem
228 1760 256 1808 et
271 1756 348 1809 urbis
367 1755 563 1809 auctoritatem
579 1760 606 1808 et
621 1755 755 1825 magistri.
791 1756 853 1821 Qua
870 1774 899 1810 re
914 1774 1001 1826 quan-

156 1842 216 1889 tum
229 1836 337 1889 conniti
351 1836 445 1889 animo
460 1840 549 1904 potes,
561 1840 698 1903 quantum
713 1836 808 1888 labore
822 1837 999 1905 contendere,

156 1917 180 1970 si
193 1917 322 1970 discendi
335 1918 413 1969 labor
425 1921 468 1968 est
480 1916 576 1984 potius
588 1932 672 1984 quarn
684 1917 824 1990 voluptas,
835 1922 947 1969 tantum
956 1916 1001 1969 fac

156 2003 188 2049 ut
203 1991 395 2051 efficias'nev'e'
407 1991 567 2048 committas
582 2001 621 2063 ut,
631 2011 695 2048 cum
711 1986 804 2048 omnia
820 1997 1001 2066 suppeditata

156 2077 212 2130 sint
225 2094 242 2130 a
254 2077 343 2142 nobis,
354 2082 414 2129 tute
427 2076 481 2128 tibi
494 2074 618 2129 defirisse
628 2076 747 2131 videare.
786 2076 842 2129 Sed
856 2077 924 2129 haee
937 2078 1001 2129 hac-

156 2163 251 2211 tenus:
271 2160 360 2210 multa
370 2157 444 2209 enim
455 2173 537 2225 saepe
550 2158 587 2210 ad
597 2161 625 2209 te
638 2156 805 2209 cohortandi
816 2157 906 2225 gratia
917 2158 1001 2226 serip-

156 2239 249 2293 simus.
287 2239 371 2290 Nunc
387 2238 422 2290 ad
439 2238 575 2307 reliquam
589 2242 697 2306 partem
710 2237 871 2305 propositae
886 2237 1001 2289 divisio-

155 2319 200 2371 nis
213 2324 389 2372 revertamur.

192 2402 216 2452 7.
233 2399 383 2451 Panaetius
398 2398 494 2467 igitur,
505 2397 554 2466 qui
570 2397 629 2449 sine
648 2397 836 2451 controversia
851 2398 887 2451 de
903 2397 1001 2450 officiis

74 2505 77 2509 ι
156 2478 364 2532 accuratissime
394 2478 552 2547 disputavit
579 2493 718 2546 quemque
748 2495 801 2531 nos
831 2478 1001 2531 correctione

157 2560 278 2627 quadam
306 2559 436 2613 adhibita
466 2558 644 2627 potissimum
673 2559 762 2611 secuti
788 2575 892 2627 sumus,
913 2558 1002 2612 tribus

155 2640 307 2707 generibus
324 2639 484 2709 propositis,
497 2639 527 2690 in
543 2638 647 2706 quibus
663 2639 818 2692 deliberare
833 2638 959 2692 homines
974 2644 1003 2691 et

157 2722 314 2773 consultare
328 2721 363 2773 de
377 2719 469 2772 officio
484 2720 613 2786 solerent,
624 2736 688 2786 une,
700 2736 764 2771 cum
780 2720 941 2786 dubitarent
953 2720 1003 2772 ho·

156 2804 302 2852 nestumne
324 2800 356 2853 id
375 2805 453 2866 esset,
470 2800 505 2852 de
523 2816 580 2868 quo
602 2807 739 2869 ageretur,
756 2816 792 2853 an
810 2805 900 2869 turpe,
915 2801 1002 2852 altero

157 2880 263 2932 utilene
278 2885 348 2932 esset
362 2897 398 2933 an
412 2880 521 2946 inutile,
531 2880 623 2947 tertio,
634 2881 658 2933 si
672 2880 712 2948 id,
723 2882 801 2948 quod
818 2880 938 2950 speciem
953 2881 1001 2933 hu-

157 2961 236 3013 beret
251 2960 369 3029 honesti,
382 2966 522 3031 pugnaret
540 2977 604 3012 011111
622 2978 663 3029 eo,
678 2961 755 3028 quod
767 2960 836 3013 utile
851 2959 1001 3029 videretur,

158 3056 215 3109 quo
229 3042 315 3093 modo
330 3057 363 3093 ea
378 3041 499 3095 discerni
514 3047 665 3110 oporteret,
677 3043 712 3095 de
728 3042 838 3093 duobus
853 3040 1003 3109 generibus

157 3121 257 3193 primis
272 3121 362 3176 tribus
377 3122 456 3177 libris
471 3121 632 3193 explicavit,
643 3123 679 3175 de
694 3120 778 3177 tertio
793 3129 887 3175 autem
901 3136 1002 3191 genere
