<?xml version="1.0" encoding="UTF-8"?>
<!DOCTYPE html PUBLIC "-//W3C//DTD XHTML 1.0 Transitional//EN"
    "http://www.w3.org/TR/xhtml1/DTD/xhtml1-transitional.dtd">
<html xmlns="http://www.w3.org/1999/xhtml" xml:lang="en" lang="en">
 <head>
  <title>
</title>
<meta http-equiv="Content-Type" content="text/html;charset=utf-8" />
  <meta name='ocr-system' content='tesseract 3.04.00' />
  <meta name='ocr-capabilities' content='ocr_page ocr_carea ocr_par ocr_line ocrx_word'/>
</head>
<body>
  <div class='ocr_page' id='page_1' title='image "./catomajorsivede01longgoog_0015.png"; bbox 0 0 2242 3542; ppageno 0'>
   <div class='ocr_carea' id='block_1_1' title="bbox 146 132 767 185">
    <p class='ocr_par' dir='ltr' id='par_1_1' title="bbox 146 132 767 185">
     <span class='ocr_line' id='line_1_1' title="bbox 146 132 767 185; baseline 0 -3"><span class='ocrx_word' id='word_1_1' title='bbox 146 138 160 182; x_wconf 81' lang='grc'>6</span> <span class='ocrx_word' id='word_1_2' title='bbox 325 182 327 185; x_wconf 85' lang='grc'><strong>,</strong></span> <span class='ocrx_word' id='word_1_3' title='bbox 373 134 411 183; x_wconf 89' lang='grc' dir='ltr'>Μ.</span> <span class='ocrx_word' id='word_1_4' title='bbox 430 133 557 183; x_wconf 77' lang='lat' dir='ltr'>TULLII</span> <span class='ocrx_word' id='word_1_5' title='bbox 576 132 767 183; x_wconf 76' lang='lat' dir='ltr'>CICERONIS</span> 
     </span>
    </p>
   </div>
   <div class='ocr_carea' id='block_1_2' title="bbox 91 213 991 587">
    <p class='ocr_par' dir='ltr' id='par_1_2' title="bbox 91 213 991 587">
     <span class='ocr_line' id='line_1_2' title="bbox 144 213 991 282; baseline 0.004 -16"><span class='ocrx_word' id='word_1_6' title='bbox 144 216 230 269; x_wconf 85' lang='lat' dir='ltr'>retur.</span> <span class='ocrx_word' id='word_1_7' title='bbox 269 220 308 268; x_wconf 80' lang='lat'>15.</span> <span class='ocrx_word' id='word_1_8' title='bbox 337 214 454 281; x_wconf 83' lang='lat' dir='ltr'>Etenim,</span> <span class='ocrx_word' id='word_1_9' title='bbox 469 228 553 281; x_wconf 86' lang='lat' dir='ltr'>qnurn</span> <span class='ocrx_word' id='word_1_10' title='bbox 565 213 736 282; x_wconf 84' lang='lat' dir='ltr'>contemplor</span> <span class='ocrx_word' id='word_1_11' title='bbox 752 214 850 281; x_wconf 85' lang='lat' dir='ltr'>animo,</span> <span class='ocrx_word' id='word_1_12' title='bbox 862 218 991 282; x_wconf 78' lang='lat' dir='ltr'>&#39;quattuor</span> 
     </span>
     <span class='ocr_line' id='line_1_3' title="bbox 99 289 991 357; baseline 0.004 -16"><span class='ocrx_word' id='word_1_13' title='bbox 99 318 127 355; x_wconf 45' lang='lat' dir='ltr'>s,</span> <span class='ocrx_word' id='word_1_14' title='bbox 145 289 253 357; x_wconf 84' lang='lat' dir='ltr'>reperio</span> <span class='ocrx_word' id='word_1_15' title='bbox 277 306 372 343; x_wconf 82' lang='lat' dir='ltr'>causas</span> <span class='ocrx_word' id='word_1_16' title='bbox 395 306 444 343; x_wconf 88' lang='lat' dir='ltr'>cur</span> <span class='ocrx_word' id='word_1_17' title='bbox 468 292 594 343; x_wconf 86' lang='lat' dir='ltr'>senectus</span> <span class='ocrx_word' id='word_1_18' title='bbox 613 289 877 344; x_wconf 86' lang='lat' dir='ltr'>misera-videatur:</span> <span class='ocrx_word' id='word_1_19' title='bbox 903 308 991 356; x_wconf 88' lang='lat' dir='ltr'>unam,</span> 
     </span>
     <span class='ocr_line' id='line_1_4' title="bbox 99 364 991 435; baseline 0.001 -15"><span class='ocrx_word' id='word_1_20' title='bbox 99 380 123 420; x_wconf 61' lang='lat' dir='ltr'>a</span> <span class='ocrx_word' id='word_1_21' title='bbox 146 365 219 432; x_wconf 86' lang='lat' dir='ltr'>qnod</span> <span class='ocrx_word' id='word_1_22' title='bbox 239 368 334 418; x_wconf 88' lang='lat' dir='ltr'>avocet</span> <span class='ocrx_word' id='word_1_23' title='bbox 353 364 470 419; x_wconf 79' lang='lat' dir='ltr'>erebus</span> <span class='ocrx_word' id='word_1_24' title='bbox 493 365 637 433; x_wconf 78' lang='lat' dir='ltr'>gerendis3</span> <span class='ocrx_word' id='word_1_25' title='bbox 660 366 783 433; x_wconf 88' lang='lat' dir='ltr'>alteram,</span> <span class='ocrx_word' id='word_1_26' title='bbox 803 366 877 435; x_wconf 90' lang='lat' dir='ltr'>quod</span> <span class='ocrx_word' id='word_1_27' title='bbox 896 384 991 435; x_wconf 83' lang='lat' dir='ltr'>eorpus</span> 
     </span>
     <span class='ocr_line' id='line_1_5' title="bbox 94 440 988 510; baseline 0.003 -17"><span class='ocrx_word' id='word_1_28' title='bbox 94 442 129 487; x_wconf 71' lang='grc' dir='ltr'>δ.</span> <span class='ocrx_word' id='word_1_29' title='bbox 145 441 227 494; x_wconf 83' lang='lat' dir='ltr'>faciat</span> <span class='ocrx_word' id='word_1_30' title='bbox 241 440 390 506; x_wconf 60' lang='lat' dir='ltr'>infirmium</span> <span class='ocrx_word' id='word_1_31' title='bbox 407 441 527 509; x_wconf 86' lang='lat' dir='ltr'>tertiam,</span> <span class='ocrx_word' id='word_1_32' title='bbox 540 442 615 509; x_wconf 90' lang='lat' dir='ltr'>quod</span> <span class='ocrx_word' id='word_1_33' title='bbox 628 442 718 510; x_wconf 87' lang='lat' dir='ltr'>privet</span> <span class='ocrx_word' id='word_1_34' title='bbox 734 442 859 495; x_wconf 90' lang='lat' dir='ltr'>omnibus</span> <span class='ocrx_word' id='word_1_35' title='bbox 875 443 933 496; x_wconf 85' lang='lat' dir='ltr'>fere</span> <span class='ocrx_word' id='word_1_36' title='bbox 947 460 988 497; x_wconf 88' lang='lat' dir='ltr'>vo</span> 
     </span>
     <span class='ocr_line' id='line_1_6' title="bbox 91 510 990 587; baseline 0.006 -17"><span class='ocrx_word' id='word_1_37' title='bbox 91 510 124 562; x_wconf 58' lang='lat' dir='ltr'><em>W</em></span> <span class='ocrx_word' id='word_1_38' title='bbox 146 517 311 587; x_wconf 88' lang='lat' dir='ltr'>luptatibus;</span> <span class='ocrx_word' id='word_1_39' title='bbox 330 521 464 586; x_wconf 87' lang='lat' dir='ltr'>quartam,</span> <span class='ocrx_word' id='word_1_40' title='bbox 477 518 552 587; x_wconf 90' lang='lat' dir='ltr'>quod</span> <span class='ocrx_word' id='word_1_41' title='bbox 570 518 644 571; x_wconf 90' lang='lat' dir='ltr'>haud</span> <span class='ocrx_word' id='word_1_42' title='bbox 662 519 755 587; x_wconf 88' lang='lat' dir='ltr'>procul</span> <span class='ocrx_word' id='word_1_43' title='bbox 773 518 879 572; x_wconf 86' lang='lat' dir='ltr'>absita</span> <span class='ocrx_word' id='word_1_44' title='bbox 897 523 990 575; x_wconf 83' lang='lat' dir='ltr'>morte.</span> 
     </span>
    </p>
   </div>
   <div class='ocr_carea' id='block_1_3' title="bbox 121 594 1099 3253">
    <p class='ocr_par' dir='ltr' id='par_1_3' title="bbox 121 594 1099 3253">
     <span class='ocr_line' id='line_1_7' title="bbox 147 594 1081 663; baseline 0.003 -16"><span class='ocrx_word' id='word_1_45' title='bbox 147 594 255 661; x_wconf 82' lang='lat' dir='ltr'>Earum,</span> <span class='ocrx_word' id='word_1_46' title='bbox 274 594 296 647; x_wconf 92' lang='lat' dir='ltr'>si</span> <span class='ocrx_word' id='word_1_47' title='bbox 315 595 411 661; x_wconf 87' lang='lat' dir='ltr'>placet,</span> <span class='ocrx_word' id='word_1_48' title='bbox 429 610 571 647; x_wconf 87' lang='lat' dir='ltr'>causarum</span> <span class='ocrx_word' id='word_1_49' title='bbox 591 599 694 662; x_wconf 86' lang='lat' dir='ltr'>quanta</span> <span class='ocrx_word' id='word_1_50' title='bbox 710 611 846 662; x_wconf 89' lang='lat' dir='ltr'>quamque</span> <span class='ocrx_word' id='word_1_51' title='bbox 864 597 901 657; x_wconf 80' lang='lat' dir='ltr'>sit</span> <span class='ocrx_word' id='word_1_52' title='bbox 915 595 990 663; x_wconf 87' lang='lat' dir='ltr'>justa</span> <span class='ocrx_word' id='word_1_53' title='bbox 1076 604 1081 609; x_wconf 78' lang='lat'>‘</span> 
     </span>
     <span class='ocr_line' id='line_1_8' title="bbox 146 670 484 739; baseline 0.009 -18"><span class='ocrx_word' id='word_1_54' title='bbox 146 686 325 739; x_wconf 85' lang='lat' dir='ltr'>unaquaequo</span> <span class='ocrx_word' id='word_1_55' title='bbox 338 670 484 725; x_wconf 86' lang='lat' dir='ltr'>videamus.</span> 
     </span>
     <span class='ocr_line' id='line_1_9' title="bbox 198 746 990 815; baseline 0.001 -16"><span class='ocrx_word' id='word_1_56' title='bbox 198 746 249 800; x_wconf 82' lang='lat' dir='ltr'>Vl.</span> <span class='ocrx_word' id='word_1_57' title='bbox 279 750 304 799; x_wconf 91' lang='lat' dir='ltr'>A</span> <span class='ocrx_word' id='word_1_58' title='bbox 317 746 400 801; x_wconf 88' lang='lat' dir='ltr'>rebus</span> <span class='ocrx_word' id='word_1_59' title='bbox 411 748 539 815; x_wconf 82' lang='lat' dir='ltr'>gerendis</span> <span class='ocrx_word' id='word_1_60' title='bbox 552 750 679 801; x_wconf 84' lang='lat' dir='ltr'>senectus</span> <span class='ocrx_word' id='word_1_61' title='bbox 691 746 834 801; x_wconf 76' lang='lat' dir='ltr'>abstrahit.</span> <span class='ocrx_word' id='word_1_62' title='bbox 871 748 990 811; x_wconf 82' lang='lat' dir='ltr'>Quibusl</span> 
     </span>
     <span class='ocr_line' id='line_1_10' title="bbox 147 822 990 891; baseline -0.001 -14"><span class='ocrx_word' id='word_1_63' title='bbox 147 824 193 877; x_wconf 88' lang='lat' dir='ltr'>An</span> <span class='ocrx_word' id='word_1_64' title='bbox 208 822 241 875; x_wconf 91' lang='lat' dir='ltr'>iis</span> <span class='ocrx_word' id='word_1_65' title='bbox 257 840 328 891; x_wconf 85' lang='lat' dir='ltr'>quae</span> <span class='ocrx_word' id='word_1_66' title='bbox 340 823 488 891; x_wconf 87' lang='lat' dir='ltr'>juventute</span> <span class='ocrx_word' id='word_1_67' title='bbox 506 827 640 891; x_wconf 78' lang='lat' dir='ltr'>geruntur</span> <span class='ocrx_word' id='word_1_68' title='bbox 658 827 688 875; x_wconf 90' lang='lat' dir='ltr'>ot</span> <span class='ocrx_word' id='word_1_69' title='bbox 701 822 822 877; x_wconf 77' lang='lat' dir='ltr'>viribust</span> <span class='ocrx_word' id='word_1_70' title='bbox 860 823 990 877; x_wconf 86' lang='lat' dir='ltr'>Nullaene</span> 
     </span>
     <span class='ocr_line' id='line_1_11' title="bbox 145 898 990 967; baseline 0 -16"><span class='ocrx_word' id='word_1_71' title='bbox 145 898 230 967; x_wconf 83' lang='lat' dir='ltr'>igitur</span> <span class='ocrx_word' id='word_1_72' title='bbox 244 916 288 953; x_wconf 89' lang='lat' dir='ltr'>res</span> <span class='ocrx_word' id='word_1_73' title='bbox 305 903 369 952; x_wconf 89' lang='lat' dir='ltr'>sunt</span> <span class='ocrx_word' id='word_1_74' title='bbox 383 900 481 953; x_wconf 91' lang='lat' dir='ltr'>seniles</span> <span class='ocrx_word' id='word_1_75' title='bbox 494 916 566 967; x_wconf 87' lang='lat' dir='ltr'>quae</span> <span class='ocrx_word' id='word_1_76' title='bbox 577 898 621 953; x_wconf 86' lang='lat' dir='ltr'>vel</span> <span class='ocrx_word' id='word_1_77' title='bbox 634 899 749 952; x_wconf 86' lang='lat' dir='ltr'>infirmis</span> <span class='ocrx_word' id='word_1_78' title='bbox 763 898 920 967; x_wconf 89' lang='lat' dir='ltr'>corporibus</span> <span class='ocrx_word' id='word_1_79' title='bbox 936 900 990 951; x_wconf 86' lang='lat' dir='ltr'>ani-</span> 
     </span>
     <span class='ocr_line' id='line_1_12' title="bbox 146 974 991 1043; baseline 0 -16"><span class='ocrx_word' id='word_1_80' title='bbox 146 990 189 1028; x_wconf 91' lang='lat' dir='ltr'>mo</span> <span class='ocrx_word' id='word_1_81' title='bbox 202 978 293 1028; x_wconf 89' lang='lat' dir='ltr'>tamen</span> <span class='ocrx_word' id='word_1_82' title='bbox 306 975 545 1029; x_wconf 69' lang='lat' dir='ltr'>administrentur?</span> <span class='ocrx_word' id='word_1_83' title='bbox 582 975 655 1028; x_wconf 86' lang='lat' dir='ltr'>Nihil</span> <span class='ocrx_word' id='word_1_84' title='bbox 671 991 736 1041; x_wconf 81' lang='lat' dir='ltr'>ergo</span> <span class='ocrx_word' id='word_1_85' title='bbox 748 974 848 1043; x_wconf 78' lang='lat' dir='ltr'>agebat</span> <span class='ocrx_word' id='word_1_86' title='bbox 861 974 892 1038; x_wconf 84' lang='lat' dir='ltr'>Q.</span> <span class='ocrx_word' id='word_1_87' title='bbox 906 975 991 1027; x_wconf 82' lang='lat' dir='ltr'>Maxi-</span> 
     </span>
     <span class='ocr_line' id='line_1_13' title="bbox 145 1050 990 1120; baseline -0.001 -17"><span class='ocrx_word' id='word_1_88' title='bbox 145 1067 214 1104; x_wconf 79' lang='lat' dir='ltr'>mua</span> <span class='ocrx_word' id='word_1_89' title='bbox 230 1051 306 1105; x_wconf 89' lang='lat' dir='ltr'>Nihil</span> <span class='ocrx_word' id='word_1_90' title='bbox 325 1051 355 1105; x_wconf 86' lang='lat' dir='ltr'>h.</span> <span class='ocrx_word' id='word_1_91' title='bbox 370 1051 487 1119; x_wconf 81' lang='lat' dir='ltr'>Paullus,</span> <span class='ocrx_word' id='word_1_92' title='bbox 503 1056 584 1120; x_wconf 88' lang='lat' dir='ltr'>pater</span> <span class='ocrx_word' id='word_1_93' title='bbox 601 1055 673 1118; x_wconf 78' lang='lat' dir='ltr'>tuus,</span> <span class='ocrx_word' id='word_1_94' title='bbox 690 1051 785 1119; x_wconf 86' lang='lat' dir='ltr'>Scipio,</span> <span class='ocrx_word' id='word_1_95' title='bbox 804 1068 880 1105; x_wconf 91' lang='lat' dir='ltr'>socer</span> <span class='ocrx_word' id='word_1_96' title='bbox 896 1050 990 1117; x_wconf 90' lang='lat' dir='ltr'>optimi</span> 
     </span>
     <span class='ocr_line' id='line_1_14' title="bbox 146 1126 989 1194; baseline 0.002 -17"><span class='ocrx_word' id='word_1_97' title='bbox 146 1127 202 1192; x_wconf 72' lang='lat' dir='ltr'>uiri,</span> <span class='ocrx_word' id='word_1_98' title='bbox 214 1128 263 1179; x_wconf 85' lang='lat' dir='ltr'>filii</span> <span class='ocrx_word' id='word_1_99' title='bbox 276 1127 339 1181; x_wconf 86' lang='lat' dir='ltr'>mei.</span> <span class='ocrx_word' id='word_1_100' title='bbox 383 1126 475 1181; x_wconf 79' lang='lat' dir='ltr'>Ceteri</span> <span class='ocrx_word' id='word_1_101' title='bbox 490 1144 575 1194; x_wconf 87' lang='lat' dir='ltr'>senes,</span> <span class='ocrx_word' id='word_1_102' title='bbox 588 1127 714 1193; x_wconf 84' lang='lat' dir='ltr'>Fabricii,</span> <span class='ocrx_word' id='word_1_103' title='bbox 728 1128 811 1192; x_wconf 77' lang='lat' dir='ltr'>Curii,</span> <span class='ocrx_word' id='word_1_104' title='bbox 824 1127 989 1193; x_wconf 80' lang='lat' dir='ltr'>Coruncanii,</span> 
     </span>
     <span class='ocr_line' id='line_1_15' title="bbox 145 1202 989 1270; baseline 0.001 -16"><span class='ocrx_word' id='word_1_105' title='bbox 145 1219 228 1270; x_wconf 86' lang='lat' dir='ltr'>quum</span> <span class='ocrx_word' id='word_1_106' title='bbox 242 1220 300 1255; x_wconf 90' lang='lat' dir='ltr'>rom</span> <span class='ocrx_word' id='word_1_107' title='bbox 312 1202 448 1270; x_wconf 89' lang='lat' dir='ltr'>publicam</span> <span class='ocrx_word' id='word_1_108' title='bbox 458 1203 569 1256; x_wconf 90' lang='lat' dir='ltr'>consilio</span> <span class='ocrx_word' id='word_1_109' title='bbox 582 1206 610 1256; x_wconf 93' lang='lat' dir='ltr'>et</span> <span class='ocrx_word' id='word_1_110' title='bbox 622 1202 785 1255; x_wconf 89' lang='lat' dir='ltr'>auctoritate</span> <span class='ocrx_word' id='word_1_111' title='bbox 798 1202 989 1267; x_wconf 84' lang='lat' dir='ltr'>defendebant,</span> 
     </span>
     <span class='ocr_line' id='line_1_16' title="bbox 146 1278 990 1347; baseline 0.001 -17"><span class='ocrx_word' id='word_1_112' title='bbox 146 1278 212 1331; x_wconf 92' lang='lat' dir='ltr'>nihil</span> <span class='ocrx_word' id='word_1_113' title='bbox 223 1278 348 1345; x_wconf 82' lang='lat' dir='ltr'>agebant.</span> <span class='ocrx_word' id='word_1_114' title='bbox 368 1305 371 1309; x_wconf 95' lang='lat'>·</span> <span class='ocrx_word' id='word_1_115' title='bbox 394 1284 433 1332; x_wconf 88' lang='lat'>16.</span> <span class='ocrx_word' id='word_1_116' title='bbox 459 1278 505 1331; x_wconf 91' lang='lat' dir='ltr'>Ad</span> <span class='ocrx_word' id='word_1_117' title='bbox 519 1278 603 1347; x_wconf 90' lang='lat' dir='ltr'>Appii</span> <span class='ocrx_word' id='word_1_118' title='bbox 616 1278 723 1332; x_wconf 84' lang='lat' dir='ltr'>Claudii</span> <span class='ocrx_word' id='word_1_119' title='bbox 735 1282 905 1331; x_wconf 87' lang='lat' dir='ltr'>senectutem</span> <span class='ocrx_word' id='word_1_120' title='bbox 916 1294 990 1331; x_wconf 85' lang='lat' dir='ltr'>acce-</span> 
     </span>
     <span class='ocr_line' id='line_1_17' title="bbox 145 1353 991 1423; baseline -0.001 -16"><span class='ocrx_word' id='word_1_121' title='bbox 145 1353 230 1407; x_wconf 90' lang='lat' dir='ltr'>debat</span> <span class='ocrx_word' id='word_1_122' title='bbox 244 1354 326 1407; x_wconf 85' lang='lat' dir='ltr'>etiam</span> <span class='ocrx_word' id='word_1_123' title='bbox 342 1358 374 1407; x_wconf 91' lang='lat' dir='ltr'>ut</span> <span class='ocrx_word' id='word_1_124' title='bbox 388 1371 483 1408; x_wconf 80' lang='lat' dir='ltr'>caecus</span> <span class='ocrx_word' id='word_1_125' title='bbox 498 1359 586 1419; x_wconf 79' lang='lat' dir='ltr'>esset3</span> <span class='ocrx_word' id='word_1_126' title='bbox 603 1359 695 1409; x_wconf 82' lang='lat' dir='ltr'>tamen</span> <span class='ocrx_word' id='word_1_127' title='bbox 710 1355 742 1421; x_wconf 88' lang='lat' dir='ltr'>is,</span> <span class='ocrx_word' id='word_1_128' title='bbox 757 1371 841 1423; x_wconf 90' lang='lat' dir='ltr'>quum</span> <span class='ocrx_word' id='word_1_129' title='bbox 855 1356 991 1407; x_wconf 86' lang='lat' dir='ltr'>sententia</span> 
     </span>
     <span class='ocr_line' id='line_1_18' title="bbox 145 1430 992 1499; baseline -0.001 -16"><span class='ocrx_word' id='word_1_130' title='bbox 145 1430 261 1484; x_wconf 83' lang='lat' dir='ltr'>Senatus</span> <span class='ocrx_word' id='word_1_131' title='bbox 273 1430 416 1485; x_wconf 84' lang='lat' dir='ltr'>inclinaret</span> <span class='ocrx_word' id='word_1_132' title='bbox 427 1431 463 1484; x_wconf 88' lang='lat' dir='ltr'>ad</span> <span class='ocrx_word' id='word_1_133' title='bbox 475 1447 569 1499; x_wconf 81' lang='lat' dir='ltr'>pacem</span> <span class='ocrx_word' id='word_1_134' title='bbox 582 1447 643 1484; x_wconf 88' lang='lat' dir='ltr'>omn</span> <span class='ocrx_word' id='word_1_135' title='bbox 654 1430 757 1497; x_wconf 79' lang='lat' dir='ltr'>Pyrrho</span> <span class='ocrx_word' id='word_1_136' title='bbox 765 1431 917 1498; x_wconf 76' lang='lat' dir='ltr'>foedusque</span> <span class='ocrx_word' id='word_1_137' title='bbox 929 1430 992 1482; x_wconf 85' lang='lat' dir='ltr'>faci-</span> 
     </span>
     <span class='ocr_line' id='line_1_19' title="bbox 144 1506 991 1576; baseline 0.001 -17"><span class='ocrx_word' id='word_1_138' title='bbox 144 1506 253 1573; x_wconf 86' lang='lat' dir='ltr'>endum,</span> <span class='ocrx_word' id='word_1_139' title='bbox 272 1524 325 1559; x_wconf 92' lang='lat' dir='ltr'>non</span> <span class='ocrx_word' id='word_1_140' title='bbox 344 1506 480 1561; x_wconf 86' lang='lat' dir='ltr'>dubitavit</span> <span class='ocrx_word' id='word_1_141' title='bbox 498 1507 591 1560; x_wconf 90' lang='lat' dir='ltr'>dicere</span> <span class='ocrx_word' id='word_1_142' title='bbox 609 1507 656 1559; x_wconf 84' lang='lat' dir='ltr'>illa</span> <span class='ocrx_word' id='word_1_143' title='bbox 673 1524 744 1576; x_wconf 87' lang='lat' dir='ltr'>quae</span> <span class='ocrx_word' id='word_1_144' title='bbox 759 1507 884 1560; x_wconf 86' lang='lat' dir='ltr'>versibus</span> <span class='ocrx_word' id='word_1_145' title='bbox 901 1522 991 1575; x_wconf 89' lang='lat' dir='ltr'>perse-</span> 
     </span>
     <span class='ocr_line' id='line_1_20' title="bbox 144 1583 406 1637; baseline 0.004 -3"><span class='ocrx_word' id='word_1_146' title='bbox 144 1586 223 1637; x_wconf 89' lang='lat' dir='ltr'>cutus</span> <span class='ocrx_word' id='word_1_147' title='bbox 235 1586 278 1635; x_wconf 83' lang='lat' dir='ltr'>cat</span> <span class='ocrx_word' id='word_1_148' title='bbox 292 1583 406 1636; x_wconf 83' lang='lat' dir='ltr'>Ennius:</span> 
     </span>
     <span class='ocr_line' id='line_1_21' title="bbox 242 1667 862 1729; baseline 0 -16"><span class='ocrx_word' id='word_1_149' title='bbox 242 1667 296 1723; x_wconf 82' lang='lat' dir='ltr'>Quo</span> <span class='ocrx_word' id='word_1_150' title='bbox 308 1668 377 1715; x_wconf 88' lang='lat' dir='ltr'>vobis</span> <span class='ocrx_word' id='word_1_151' title='bbox 390 1673 491 1725; x_wconf 83' lang='lat' dir='ltr'>mentes,</span> <span class='ocrx_word' id='word_1_152' title='bbox 506 1672 587 1715; x_wconf 86' lang='lat' dir='ltr'>rectae</span> <span class='ocrx_word' id='word_1_153' title='bbox 598 1683 661 1729; x_wconf 87' lang='lat' dir='ltr'>quae</span> <span class='ocrx_word' id='word_1_154' title='bbox 672 1672 738 1715; x_wconf 85' lang='lat' dir='ltr'>stare</span> <span class='ocrx_word' id='word_1_155' title='bbox 749 1667 862 1714; x_wconf 84' lang='lat' dir='ltr'>solebant</span> 
     </span>
     <span class='ocr_line' id='line_1_22' title="bbox 240 1731 776 1790; baseline 0.002 -13"><span class='ocrx_word' id='word_1_156' title='bbox 240 1732 363 1790; x_wconf 82' lang='lat' dir='ltr'>Antehac,</span> <span class='ocrx_word' id='word_1_157' title='bbox 378 1731 504 1779; x_wconf 86' lang='lat' dir='ltr'>dementes</span> <span class='ocrx_word' id='word_1_158' title='bbox 515 1748 568 1779; x_wconf 83' lang='lat' dir='ltr'>sese</span> <span class='ocrx_word' id='word_1_159' title='bbox 579 1731 667 1778; x_wconf 85' lang='lat' dir='ltr'>flexere</span> <span class='ocrx_word' id='word_1_160' title='bbox 678 1732 742 1778; x_wconf 81' lang='lat' dir='ltr'>uiail</span> <span class='ocrx_word' id='word_1_161' title='bbox 770 1775 776 1786; x_wconf 72' lang='grc'><em>,</em></span> 
     </span>
     <span class='ocr_line' id='line_1_23' title="bbox 143 1815 991 1884; baseline 0 -15"><span class='ocrx_word' id='word_1_162' title='bbox 143 1820 289 1884; x_wconf 84' lang='lat' dir='ltr'>ceteraque</span> <span class='ocrx_word' id='word_1_163' title='bbox 300 1816 471 1884; x_wconf 78' lang='lat' dir='ltr'>gravissime:</span> <span class='ocrx_word' id='word_1_164' title='bbox 491 1819 586 1869; x_wconf 88' lang='lat' dir='ltr'>uotum</span> <span class='ocrx_word' id='word_1_165' title='bbox 597 1815 670 1869; x_wconf 90' lang='lat' dir='ltr'>enim</span> <span class='ocrx_word' id='word_1_166' title='bbox 679 1815 756 1869; x_wconf 86' lang='lat' dir='ltr'>vobis</span> <span class='ocrx_word' id='word_1_167' title='bbox 768 1832 875 1869; x_wconf 86' lang='lat' dir='ltr'>carmen</span> <span class='ocrx_word' id='word_1_168' title='bbox 888 1818 945 1881; x_wconf 89' lang='lat' dir='ltr'>est;</span> <span class='ocrx_word' id='word_1_169' title='bbox 961 1819 991 1869; x_wconf 90' lang='lat' dir='ltr'>et</span> 
     </span>
     <span class='ocr_line' id='line_1_24' title="bbox 143 1892 1099 1961; baseline 0 -16"><span class='ocrx_word' id='word_1_170' title='bbox 143 1896 235 1945; x_wconf 87' lang='lat' dir='ltr'>tamon</span> <span class='ocrx_word' id='word_1_171' title='bbox 254 1893 337 1960; x_wconf 85' lang='lat' dir='ltr'>ipsius</span> <span class='ocrx_word' id='word_1_172' title='bbox 350 1892 434 1961; x_wconf 85' lang='lat' dir='ltr'>Appii</span> <span class='ocrx_word' id='word_1_173' title='bbox 449 1896 526 1945; x_wconf 87' lang='lat' dir='ltr'>extat</span> <span class='ocrx_word' id='word_1_174' title='bbox 541 1893 634 1945; x_wconf 88' lang='lat' dir='ltr'>oratio.</span> <span class='ocrx_word' id='word_1_175' title='bbox 671 1893 767 1961; x_wconf 82' lang='lat' dir='ltr'>Atque</span> <span class='ocrx_word' id='word_1_176' title='bbox 785 1892 852 1945; x_wconf 89' lang='lat' dir='ltr'>haec</span> <span class='ocrx_word' id='word_1_177' title='bbox 868 1892 914 1945; x_wconf 86' lang='lat' dir='ltr'>ille</span> <span class='ocrx_word' id='word_1_178' title='bbox 932 1893 990 1959; x_wconf 86' lang='lat' dir='ltr'>egit</span> <span class='ocrx_word' id='word_1_179' title='bbox 1097 1952 1099 1955; x_wconf 11' lang='lat' dir='ltr'>y</span> 
     </span>
     <span class='ocr_line' id='line_1_25' title="bbox 144 1968 990 2037; baseline 0.001 -16"><span class='ocrx_word' id='word_1_180' title='bbox 144 1971 249 2037; x_wconf 83' lang='lat' dir='ltr'>septem</span> <span class='ocrx_word' id='word_1_181' title='bbox 264 1973 293 2022; x_wconf 89' lang='lat' dir='ltr'>et</span> <span class='ocrx_word' id='word_1_182' title='bbox 307 1968 401 2022; x_wconf 90' lang='lat' dir='ltr'>decem</span> <span class='ocrx_word' id='word_1_183' title='bbox 416 1968 494 2022; x_wconf 87' lang='lat' dir='ltr'>annis</span> <span class='ocrx_word' id='word_1_184' title='bbox 508 1972 572 2037; x_wconf 88' lang='lat' dir='ltr'>post</span> <span class='ocrx_word' id='word_1_185' title='bbox 586 1969 703 2021; x_wconf 87' lang='lat' dir='ltr'>alterum</span> <span class='ocrx_word' id='word_1_186' title='bbox 715 1968 892 2035; x_wconf 86' lang='lat' dir='ltr'>consulatum,</span> <span class='ocrx_word' id='word_1_187' title='bbox 905 1985 990 2037; x_wconf 92' lang='lat' dir='ltr'>quum</span> 
     </span>
     <span class='ocr_line' id='line_1_26' title="bbox 143 2044 991 2109; baseline 0 -12"><span class='ocrx_word' id='word_1_188' title='bbox 143 2045 216 2097; x_wconf 89' lang='lat' dir='ltr'>inter</span> <span class='ocrx_word' id='word_1_189' title='bbox 233 2045 302 2097; x_wconf 87' lang='lat' dir='ltr'>duos</span> <span class='ocrx_word' id='word_1_190' title='bbox 317 2045 472 2098; x_wconf 86' lang='lat' dir='ltr'>consulatus</span> <span class='ocrx_word' id='word_1_191' title='bbox 487 2044 550 2098; x_wconf 90' lang='lat' dir='ltr'>anni</span> <span class='ocrx_word' id='word_1_192' title='bbox 565 2044 660 2097; x_wconf 88' lang='lat' dir='ltr'>decem</span> <span class='ocrx_word' id='word_1_193' title='bbox 676 2044 871 2109; x_wconf 70' lang='lat' dir='ltr'>interfuissent,</span> <span class='ocrx_word' id='word_1_194' title='bbox 885 2061 991 2097; x_wconf 90' lang='lat' dir='ltr'>censor-</span> 
     </span>
     <span class='ocr_line' id='line_1_27' title="bbox 143 2120 991 2189; baseline -0.002 -14"><span class='ocrx_word' id='word_1_195' title='bbox 143 2138 197 2189; x_wconf 89' lang='lat' dir='ltr'>que</span> <span class='ocrx_word' id='word_1_196' title='bbox 211 2124 277 2175; x_wconf 85' lang='lat' dir='ltr'>anto</span> <span class='ocrx_word' id='word_1_197' title='bbox 294 2122 461 2189; x_wconf 89' lang='lat' dir='ltr'>superiorem</span> <span class='ocrx_word' id='word_1_198' title='bbox 477 2121 646 2175; x_wconf 87' lang='lat' dir='ltr'>consulatum</span> <span class='ocrx_word' id='word_1_199' title='bbox 662 2122 774 2187; x_wconf 86' lang='lat' dir='ltr'>fnisset;</span> <span class='ocrx_word' id='word_1_200' title='bbox 791 2138 825 2174; x_wconf 87' lang='lat' dir='ltr'>ex</span> <span class='ocrx_word' id='word_1_201' title='bbox 842 2138 896 2189; x_wconf 91' lang='lat' dir='ltr'>quo</span> <span class='ocrx_word' id='word_1_202' title='bbox 912 2120 991 2173; x_wconf 89' lang='lat' dir='ltr'>intel-</span> 
     </span>
     <span class='ocr_line' id='line_1_28' title="bbox 143 2196 1099 2267; baseline 0 -18"><span class='ocrx_word' id='word_1_203' title='bbox 143 2196 237 2265; x_wconf 86' lang='lat' dir='ltr'>ligitur</span> <span class='ocrx_word' id='word_1_204' title='bbox 250 2198 347 2266; x_wconf 88' lang='lat' dir='ltr'>Pyrrhi</span> <span class='ocrx_word' id='word_1_205' title='bbox 359 2198 431 2251; x_wconf 91' lang='lat' dir='ltr'>bello</span> <span class='ocrx_word' id='word_1_206' title='bbox 442 2198 574 2267; x_wconf 84' lang='lat' dir='ltr'>grandem</span> <span class='ocrx_word' id='word_1_207' title='bbox 586 2214 651 2251; x_wconf 89' lang='lat' dir='ltr'>sane</span> <span class='ocrx_word' id='word_1_208' title='bbox 663 2198 760 2251; x_wconf 84' lang='lat' dir='ltr'>luisse:</span> <span class='ocrx_word' id='word_1_209' title='bbox 777 2201 807 2250; x_wconf 87' lang='lat' dir='ltr'>et</span> <span class='ocrx_word' id='word_1_210' title='bbox 819 2201 912 2251; x_wconf 92' lang='lat' dir='ltr'>tamen</span> <span class='ocrx_word' id='word_1_211' title='bbox 924 2196 990 2249; x_wconf 88' lang='lat' dir='ltr'>sica</span> <span class='ocrx_word' id='word_1_212' title='bbox 1097 2205 1099 2230; x_wconf 73' lang='lat'>²</span> 
     </span>
     <span class='ocr_line' id='line_1_29' title="bbox 143 2273 1098 2341; baseline -0.002 -15"><span class='ocrx_word' id='word_1_213' title='bbox 143 2274 267 2341; x_wconf 79' lang='lat' dir='ltr'>patribus</span> <span class='ocrx_word' id='word_1_214' title='bbox 279 2275 439 2341; x_wconf 86' lang='lat' dir='ltr'>accepimus.</span> <span class='ocrx_word' id='word_1_215' title='bbox 478 2278 516 2331; x_wconf 84' lang='lat'>17.</span> <span class='ocrx_word' id='word_1_216' title='bbox 546 2274 621 2326; x_wconf 88' lang='lat' dir='ltr'>Nihil</span> <span class='ocrx_word' id='word_1_217' title='bbox 633 2275 718 2341; x_wconf 83' lang='lat' dir='ltr'>igitur</span> <span class='ocrx_word' id='word_1_218' title='bbox 729 2274 847 2327; x_wconf 86' lang='lat' dir='ltr'>afferunt</span> <span class='ocrx_word' id='word_1_219' title='bbox 859 2273 990 2341; x_wconf 88' lang='lat' dir='ltr'>quiinre</span> <span class='ocrx_word' id='word_1_220' title='bbox 1097 2277 1098 2284; x_wconf 78' lang='grc'>’</span> 
     </span>
     <span class='ocr_line' id='line_1_30' title="bbox 141 2350 990 2417; baseline -0.002 -14"><span class='ocrx_word' id='word_1_221' title='bbox 141 2350 262 2417; x_wconf 86' lang='lat' dir='ltr'>gerenda</span> <span class='ocrx_word' id='word_1_222' title='bbox 274 2350 375 2402; x_wconf 81' lang='lat' dir='ltr'>versari</span> <span class='ocrx_word' id='word_1_223' title='bbox 390 2353 560 2404; x_wconf 88' lang='lat' dir='ltr'>senectutem</span> <span class='ocrx_word' id='word_1_224' title='bbox 574 2355 691 2417; x_wconf 82' lang='lat' dir='ltr'>negant3</span> <span class='ocrx_word' id='word_1_225' title='bbox 710 2350 865 2417; x_wconf 85' lang='lat' dir='ltr'>similesque</span> <span class='ocrx_word' id='word_1_226' title='bbox 880 2352 943 2401; x_wconf 88' lang='lat' dir='ltr'>sunt</span> <span class='ocrx_word' id='word_1_227' title='bbox 957 2352 990 2401; x_wconf 92' lang='lat' dir='ltr'>ut</span> 
     </span>
     <span class='ocr_line' id='line_1_31' title="bbox 142 2424 989 2493; baseline -0.002 -15"><span class='ocrx_word' id='word_1_228' title='bbox 142 2426 164 2478; x_wconf 94' lang='lat' dir='ltr'>si</span> <span class='ocrx_word' id='word_1_229' title='bbox 184 2426 231 2493; x_wconf 91' lang='lat' dir='ltr'>qui</span> <span class='ocrx_word' id='word_1_230' title='bbox 249 2426 460 2493; x_wconf 81' lang='lat' dir='ltr'>gubernatorem</span> <span class='ocrx_word' id='word_1_231' title='bbox 481 2426 509 2477; x_wconf 90' lang='lat' dir='ltr'>in</span> <span class='ocrx_word' id='word_1_232' title='bbox 530 2425 681 2491; x_wconf 83' lang='lat' dir='ltr'>navigando</span> <span class='ocrx_word' id='word_1_233' title='bbox 700 2425 767 2477; x_wconf 91' lang='lat' dir='ltr'>nihil</span> <span class='ocrx_word' id='word_1_234' title='bbox 788 2442 870 2493; x_wconf 83' lang='lat' dir='ltr'>agere</span> <span class='ocrx_word' id='word_1_235' title='bbox 889 2424 989 2477; x_wconf 77' lang='lat' dir='ltr'>dicant,</span> 
     </span>
     <span class='ocr_line' id='line_1_32' title="bbox 142 2500 990 2570; baseline -0.004 -15"><span class='ocrx_word' id='word_1_236' title='bbox 142 2518 226 2570; x_wconf 90' lang='lat' dir='ltr'>quum</span> <span class='ocrx_word' id='word_1_237' title='bbox 247 2501 291 2553; x_wconf 89' lang='lat' dir='ltr'>alii</span> <span class='ocrx_word' id='word_1_238' title='bbox 312 2502 397 2555; x_wconf 85' lang='lat' dir='ltr'>malos</span> <span class='ocrx_word' id='word_1_239' title='bbox 418 2501 557 2567; x_wconf 86' lang='lat' dir='ltr'>scandant,</span> <span class='ocrx_word' id='word_1_240' title='bbox 576 2501 623 2553; x_wconf 90' lang='lat' dir='ltr'>alii</span> <span class='ocrx_word' id='word_1_241' title='bbox 641 2518 693 2569; x_wconf 90' lang='lat' dir='ltr'>per</span> <span class='ocrx_word' id='word_1_242' title='bbox 713 2501 786 2553; x_wconf 87' lang='lat' dir='ltr'>foros</span> <span class='ocrx_word' id='word_1_243' title='bbox 806 2504 924 2568; x_wconf 88' lang='lat' dir='ltr'>cursent,</span> <span class='ocrx_word' id='word_1_244' title='bbox 942 2500 990 2553; x_wconf 90' lang='lat' dir='ltr'>alii</span> 
     </span>
     <span class='ocr_line' id='line_1_33' title="bbox 142 2576 1099 2645; baseline -0.001 -15"><span class='ocrx_word' id='word_1_245' title='bbox 142 2576 276 2631; x_wconf 86' lang='lat' dir='ltr'>sentinam</span> <span class='ocrx_word' id='word_1_246' title='bbox 289 2577 459 2644; x_wconf 82' lang='lat' dir='ltr'>exhauriant,</span> <span class='ocrx_word' id='word_1_247' title='bbox 470 2577 515 2629; x_wconf 86' lang='lat' dir='ltr'>ille</span> <span class='ocrx_word' id='word_1_248' title='bbox 540 2580 631 2629; x_wconf 88' lang='lat' dir='ltr'>autem</span> <span class='ocrx_word' id='word_1_249' title='bbox 653 2578 758 2631; x_wconf 89' lang='lat' dir='ltr'>clavum</span> <span class='ocrx_word' id='word_1_250' title='bbox 769 2580 868 2631; x_wconf 87' lang='lat' dir='ltr'>tenens</span> <span class='ocrx_word' id='word_1_251' title='bbox 880 2577 991 2645; x_wconf 86' lang='lat' dir='ltr'>quietus</span> <span class='ocrx_word' id='word_1_252' title='bbox 1097 2577 1099 2582; x_wconf 87' lang='lat'>&#39;</span> 
     </span>
     <span class='ocr_line' id='line_1_34' title="bbox 141 2652 991 2721; baseline -0.002 -16"><span class='ocrx_word' id='word_1_253' title='bbox 141 2653 237 2707; x_wconf 89' lang='lat' dir='ltr'>sedeat</span> <span class='ocrx_word' id='word_1_254' title='bbox 250 2653 279 2705; x_wconf 90' lang='lat' dir='ltr'>iu</span> <span class='ocrx_word' id='word_1_255' title='bbox 291 2654 382 2721; x_wconf 81' lang='lat' dir='ltr'>prrppi.</span> <span class='ocrx_word' id='word_1_256' title='bbox 419 2653 444 2705; x_wconf 92' lang='lat' dir='ltr'>N</span> <span class='ocrx_word' id='word_1_257' title='bbox 446 2669 480 2705; x_wconf 93' lang='lat' dir='ltr'>on</span> <span class='ocrx_word' id='word_1_258' title='bbox 498 2652 566 2705; x_wconf 83' lang='lat' dir='ltr'>facit</span> <span class='ocrx_word' id='word_1_259' title='bbox 581 2668 697 2719; x_wconf 86' lang='lat' dir='ltr'>eaquae</span> <span class='ocrx_word' id='word_1_260' title='bbox 710 2652 833 2720; x_wconf 85' lang='lat' dir='ltr'>juvenes.</span> <span class='ocrx_word' id='word_1_261' title='bbox 871 2656 913 2706; x_wconf 87' lang='lat' dir='ltr'>At</span> <span class='ocrx_word' id='word_1_262' title='bbox 924 2668 991 2704; x_wconf 86' lang='lat' dir='ltr'>vero</span> 
     </span>
     <span class='ocr_line' id='line_1_35' title="bbox 142 2727 990 2796; baseline -0.005 -13"><span class='ocrx_word' id='word_1_263' title='bbox 142 2729 227 2783; x_wconf 88' lang='lat' dir='ltr'>multo</span> <span class='ocrx_word' id='word_1_264' title='bbox 241 2732 346 2796; x_wconf 79' lang='lat' dir='ltr'>majora</span> <span class='ocrx_word' id='word_1_265' title='bbox 361 2732 389 2783; x_wconf 90' lang='lat' dir='ltr'>et</span> <span class='ocrx_word' id='word_1_266' title='bbox 404 2727 516 2781; x_wconf 86' lang='lat' dir='ltr'>meliora</span> <span class='ocrx_word' id='word_1_267' title='bbox 527 2727 599 2781; x_wconf 81' lang='lat' dir='ltr'>facit.</span> <span class='ocrx_word' id='word_1_268' title='bbox 635 2728 661 2780; x_wconf 90' lang='lat' dir='ltr'>N</span> <span class='ocrx_word' id='word_1_269' title='bbox 662 2744 698 2781; x_wconf 92' lang='lat' dir='ltr'>on</span> <span class='ocrx_word' id='word_1_270' title='bbox 710 2728 813 2781; x_wconf 89' lang='lat' dir='ltr'>viribus</span> <span class='ocrx_word' id='word_1_271' title='bbox 827 2731 876 2781; x_wconf 89' lang='lat' dir='ltr'>aut</span> <span class='ocrx_word' id='word_1_272' title='bbox 891 2728 990 2781; x_wconf 78' lang='lat' dir='ltr'>veloci-</span> 
     </span>
     <span class='ocr_line' id='line_1_36' title="bbox 140 2803 989 2871; baseline -0.005 -14"><span class='ocrx_word' id='word_1_273' title='bbox 140 2803 245 2857; x_wconf 88' lang='lat' dir='ltr'>tatibus</span> <span class='ocrx_word' id='word_1_274' title='bbox 264 2807 313 2857; x_wconf 92' lang='lat' dir='ltr'>aut</span> <span class='ocrx_word' id='word_1_275' title='bbox 331 2804 473 2857; x_wconf 86' lang='lat' dir='ltr'>celeritate</span> <span class='ocrx_word' id='word_1_276' title='bbox 491 2820 633 2871; x_wconf 87' lang='lat' dir='ltr'>corporum</span> <span class='ocrx_word' id='word_1_277' title='bbox 652 2820 697 2857; x_wconf 93' lang='lat' dir='ltr'>res</span> <span class='ocrx_word' id='word_1_278' title='bbox 715 2820 830 2871; x_wconf 88' lang='lat' dir='ltr'>magnae</span> <span class='ocrx_word' id='word_1_279' title='bbox 847 2808 989 2871; x_wconf 86' lang='lat' dir='ltr'>geruntur,</span> 
     </span>
     <span class='ocr_line' id='line_1_37' title="bbox 122 2879 990 2949; baseline -0.002 -16"><span class='ocrx_word' id='word_1_280' title='bbox 122 2880 191 2949; x_wconf 76' lang='lat' dir='ltr'>,sed</span> <span class='ocrx_word' id='word_1_281' title='bbox 211 2879 329 2946; x_wconf 90' lang='lat' dir='ltr'>consili0,</span> <span class='ocrx_word' id='word_1_282' title='bbox 349 2879 520 2946; x_wconf 87' lang='lat' dir='ltr'>auctoritate,</span> <span class='ocrx_word' id='word_1_283' title='bbox 540 2880 693 2944; x_wconf 87' lang='lat' dir='ltr'>sententia;</span> <span class='ocrx_word' id='word_1_284' title='bbox 718 2880 818 2947; x_wconf 91' lang='lat' dir='ltr'>quibus</span> <span class='ocrx_word' id='word_1_285' title='bbox 836 2896 889 2932; x_wconf 91' lang='lat' dir='ltr'>non</span> <span class='ocrx_word' id='word_1_286' title='bbox 907 2879 990 2931; x_wconf 92' lang='lat' dir='ltr'>modo</span> 
     </span>
     <span class='ocr_line' id='line_1_38' title="bbox 121 2950 990 3023; baseline -0.001 -14"><span class='ocrx_word' id='word_1_287' title='bbox 121 2950 194 3011; x_wconf 58' lang='lat' dir='ltr'>*non</span> <span class='ocrx_word' id='word_1_288' title='bbox 209 2956 308 3022; x_wconf 92' lang='lat' dir='ltr'>orbari,</span> <span class='ocrx_word' id='word_1_289' title='bbox 322 2956 372 3009; x_wconf 85' lang='lat' dir='ltr'>sed</span> <span class='ocrx_word' id='word_1_290' title='bbox 390 2956 472 3011; x_wconf 87' lang='lat' dir='ltr'>etiam</span> <span class='ocrx_word' id='word_1_291' title='bbox 491 2955 586 3023; x_wconf 77' lang='lat' dir='ltr'>augeri</span> <span class='ocrx_word' id='word_1_292' title='bbox 604 2959 730 3009; x_wconf 86' lang='lat' dir='ltr'>senectus</span> <span class='ocrx_word' id='word_1_293' title='bbox 747 2956 823 3009; x_wconf 89' lang='lat' dir='ltr'>solet.</span> <span class='ocrx_word' id='word_1_294' title='bbox 862 2961 900 3009; x_wconf 87' lang='lat'>18.</span> <span class='ocrx_word' id='word_1_295' title='bbox 927 2955 990 3009; x_wconf 86' lang='lat' dir='ltr'>Nisi</span> 
     </span>
     <span class='ocr_line' id='line_1_39' title="bbox 122 3024 1067 3099; baseline 0 -15"><span class='ocrx_word' id='word_1_296' title='bbox 122 3024 211 3086; x_wconf 78' lang='lat' dir='ltr'>&#39;forte</span> <span class='ocrx_word' id='word_1_297' title='bbox 226 3048 276 3099; x_wconf 83' lang='lat' dir='ltr'>ego</span> <span class='ocrx_word' id='word_1_298' title='bbox 291 3031 374 3097; x_wconf 90' lang='lat' dir='ltr'>vobis,</span> <span class='ocrx_word' id='word_1_299' title='bbox 390 3031 437 3098; x_wconf 89' lang='lat' dir='ltr'>qui</span> <span class='ocrx_word' id='word_1_300' title='bbox 453 3034 482 3084; x_wconf 87' lang='lat' dir='ltr'>et</span> <span class='ocrx_word' id='word_1_301' title='bbox 499 3031 578 3083; x_wconf 88' lang='lat' dir='ltr'>miles</span> <span class='ocrx_word' id='word_1_302' title='bbox 595 3034 624 3083; x_wconf 92' lang='lat' dir='ltr'>et</span> <span class='ocrx_word' id='word_1_303' title='bbox 642 3030 769 3084; x_wconf 87' lang='lat' dir='ltr'>tribunus</span> <span class='ocrx_word' id='word_1_304' title='bbox 787 3035 816 3084; x_wconf 93' lang='lat' dir='ltr'>et</span> <span class='ocrx_word' id='word_1_305' title='bbox 834 3031 940 3099; x_wconf 83' lang='lat' dir='ltr'>lagatus</span> <span class='ocrx_word' id='word_1_306' title='bbox 960 3034 989 3084; x_wconf 90' lang='lat' dir='ltr'>et</span> <span class='ocrx_word' id='word_1_307' title='bbox 1063 3053 1067 3058; x_wconf 84' lang='grc'><em>·</em></span> 
     </span>
     <span class='ocr_line' id='line_1_40' title="bbox 140 3106 990 3173; baseline -0.001 -12"><span class='ocrx_word' id='word_1_308' title='bbox 140 3108 232 3161; x_wconf 87' lang='lat' dir='ltr'>consul</span> <span class='ocrx_word' id='word_1_309' title='bbox 246 3110 371 3161; x_wconf 85' lang='lat' dir='ltr'>versatus</span> <span class='ocrx_word' id='word_1_310' title='bbox 389 3122 449 3159; x_wconf 90' lang='lat' dir='ltr'>sum</span> <span class='ocrx_word' id='word_1_311' title='bbox 466 3106 495 3159; x_wconf 91' lang='lat' dir='ltr'>in</span> <span class='ocrx_word' id='word_1_312' title='bbox 512 3106 587 3159; x_wconf 87' lang='lat' dir='ltr'>vario</span> <span class='ocrx_word' id='word_1_313' title='bbox 604 3123 706 3173; x_wconf 87' lang='lat' dir='ltr'>genere</span> <span class='ocrx_word' id='word_1_314' title='bbox 723 3106 864 3173; x_wconf 89' lang='lat' dir='ltr'>bellorum,</span> <span class='ocrx_word' id='word_1_315' title='bbox 883 3122 990 3161; x_wconf 86' lang='lat' dir='ltr'>cessare</span> 
     </span>
     <span class='ocr_line' id='line_1_41' title="bbox 140 3180 990 3253; baseline 0.001 -18"><span class='ocrx_word' id='word_1_316' title='bbox 140 3197 211 3235; x_wconf 88' lang='lat' dir='ltr'>nunc</span> <span class='ocrx_word' id='word_1_317' title='bbox 230 3182 325 3236; x_wconf 82' lang='lat' dir='ltr'>uidcor</span> <span class='ocrx_word' id='word_1_318' title='bbox 345 3198 428 3253; x_wconf 87' lang='lat' dir='ltr'>quum</span> <span class='ocrx_word' id='word_1_319' title='bbox 447 3180 520 3235; x_wconf 88' lang='lat' dir='ltr'>bella</span> <span class='ocrx_word' id='word_1_320' title='bbox 538 3199 592 3234; x_wconf 90' lang='lat' dir='ltr'>non</span> <span class='ocrx_word' id='word_1_321' title='bbox 612 3199 684 3251; x_wconf 77' lang='lat' dir='ltr'>gero.</span> <span class='ocrx_word' id='word_1_322' title='bbox 723 3185 763 3235; x_wconf 82' lang='lat' dir='ltr'>At</span> <span class='ocrx_word' id='word_1_323' title='bbox 787 3182 898 3236; x_wconf 80' lang='lat' dir='ltr'>Senatui</span> <span class='ocrx_word' id='word_1_324' title='bbox 918 3200 990 3251; x_wconf 85' lang='lat' dir='ltr'>qnae</span> 
     </span>
    </p>
   </div>
   <div class='ocr_carea' id='block_1_4' title="bbox 0 0 1126 3542">
    <p class='ocr_par' dir='ltr' id='par_1_4' title="bbox 0 0 1126 3542">
     <span class='ocr_line' id='line_1_42' title="bbox 0 0 1126 3542; baseline 0 1"><span class='ocrx_word' id='word_1_325' title='bbox 0 0 1126 3542; x_wconf 95' lang='lat' dir='ltr'> </span> 
     </span>
    </p>
   </div>
  </div>
 </body>
</html>
