2242 3542
211 146 223 179 ·
333 155 400 205 nra.
419 156 451 217 1.,
466 156 545 207 cnr.
562 156 719 215 IV.-v1.‚§
736 158 821 205 11-18.
967 156 1001 205 or

157 239 322 309 quaerimus,
334 239 498 292 honestum:
518 238 694 306 quodetiam
710 238 733 289 si
748 238 929 289 nobilitatum
945 254 1000 291 non

157 319 200 386 sit,
215 323 308 371 tamen
324 319 471 371 honestum
487 324 536 385 est,
548 319 682 386 quodque
698 335 762 370 vere
779 318 905 385 dicimus,
916 317 1002 369 etiam

157 399 179 450 si
193 416 208 450 a
221 400 299 451 nullo
312 399 448 465 laudetur,
458 403 559 451 natura
572 415 629 451 esse
643 398 791 468 laudabile.

193 480 226 532 V.
243 481 373 532 Formam
393 480 509 547 quidem
529 479 627 548 ipsam,
641 480 733 530 Marce
750 478 799 545 fili,
815 482 843 531 et
857 482 1002 545 tamquam

156 559 256 613 faeiem
269 560 379 612 honesti
392 560 479 626 vides,
496 562 511 589 “
522 576 593 627 quae
606 559 630 610 si
644 559 732 611 oculis
748 564 911 626 cerneretur,
920 558 1002 610 mira-

157 641 226 693 biles
239 642 367 694 amores'’
381 646 412 693 ut
422 641 462 693 ait
472 642 555 693 Plato
567 639 728 692 “excitaret
738 639 917 708 sapientiae.”
946 639 1001 691 Sed

157 738 246 786 omne,
257 722 335 789 quod
352 726 393 773 est
409 722 567 785 honestum,
578 720 608 771 id
625 726 758 788 quattuor
772 720 895 788 partium
914 719 1002 771 on'tnr

157 820 191 854 ex
205 802 306 870 aliqua.
339 803 398 855 Aut
413 792 487 854 enim
500 802 529 853 in
542 800 742 871 perspicientia
754 800 813 854 veri
825 800 1002 868 sollertiaque

157 892 282 935 versetur
297 888 345 934 aut
360 882 390 933 in
406 882 553 934 hominum
569 882 705 934 societate
720 882 827 933 tuenda
841 880 1002 933 tribuendo

158 978 211 1030 qne
231 978 311 1014 snum
330 962 431 1030 cuique
450 968 478 1014 et
495 978 586 1013 rernm
606 967 814 1013 contractarum
833 961 889 1013 tide
909 961 1002 1013 autin

158 1044 243 1095 animi
258 1042 360 1095 excelsi
373 1049 457 1110 atque
469 1041 570 1095 invicti
583 1041 780 1111 magnitudine
793 1058 825 1093 ac
840 1042 939 1094 robore
954 1046 1002 1095 aut

157 1123 188 1175 in
209 1124 342 1191 onmium,
360 1139 432 1191 quae
452 1122 524 1175 finnt
545 1138 672 1191 quaeque
694 1122 836 1190 dicuntur,
854 1122 952 1175 ordine
974 1127 1003 1175 et

157 1204 250 1270 modo,
260 1203 290 1255 in
304 1220 360 1271 quo
373 1204 447 1255 inest
456 1203 595 1255 modestia
607 1209 635 1256 et
644 1203 838 1272 temperantia.
869 1205 910 1257 15.
925 1204 1002 1269 Quae

158 1290 289 1354 quattuor
304 1300 473 1352 quamquam
485 1284 559 1336 inter
571 1300 601 1337 se
614 1284 749 1353 colligata
762 1289 846 1351 atque
859 1283 1002 1353 implicata

157 1372 229 1430 sunt,
247 1375 342 1418 tamen
362 1382 396 1417 ex
415 1364 533 1434 singulis
552 1369 627 1417 certa
646 1364 800 1417 officiorum
820 1380 922 1433 genera
942 1380 1003 1415 nas-

158 1453 265 1513 euntur,
276 1446 354 1497 velut
368 1461 402 1497 ex
417 1462 449 1497 ea
465 1450 551 1514 parte,
562 1461 634 1513 quae
648 1444 739 1514 prima
755 1445 896 1513 descripta
911 1450 959 1511 est,
972 1444 1003 1496 in

158 1543 213 1594 qna
228 1526 395 1595 sapientiam
410 1531 437 1577 et
452 1525 634 1594 prudentiam
649 1526 788 1595 ponimus,
799 1525 871 1578 inest
885 1525 1002 1594 indaga·

157 1608 198 1659 tio
214 1611 298 1675 atque
311 1606 436 1659 inventio
449 1606 515 1673 veri,
528 1606 643 1675 eiusque
655 1606 768 1659 virtutis
780 1606 835 1658 hoc
847 1622 948 1658 munus
962 1612 1003 1659 est

159 1688 310 1756 proprium.
339 1689 380 1740 16.
394 1688 432 1741 Ut
443 1687 517 1739 enim
530 1687 647 1757 quisque
657 1688 778 1740 maxime
789 1688 922 1758 perspicit
933 1689 1002 1757 quid

158 1769 187 1819 in
203 1785 231 1821 re
247 1784 358 1836 quaque
373 1767 545 1820 verissimum
563 1767 599 1820 sit
614 1768 720 1836 quique
740 1768 898 1822 acutissime
918 1774 946 1823 et
961 1786 1003 1821 ee-

118 1902 121 1907 ,
158 1850 267 1902 lerrime
282 1853 375 1918 potest
390 1855 418 1900 et
433 1848 528 1901 videre
543 1855 571 1901 et
587 1850 725 1917 explicare
742 1850 887 1919 rationem,
900 1850 925 1902 is
939 1867 1003 1920 pru-

159 1930 339 1982 dentissimus
355 1934 382 1981 et
397 1929 619 1997 sapientissimus
634 1930 686 1982 rite
701 1931 799 1984 haberi
814 1933 891 1985 solet.
930 1932 1003 1997 Quo-

159 2011 233 2063 circa
258 2010 325 2061 huic
354 2010 434 2077 quasi
458 2009 582 2076 materia,
605 2026 689 2078 qnam
713 2016 816 2064 tractet
840 2017 869 2064 et
892 2012 923 2063 in
948 2029 1025 2080 qua·

160 2095 291 2153 versetur,
305 2089 430 2141 subiecta
445 2094 486 2141 est
502 2089 610 2143 veritas.
649 2092 690 2143 17.
704 2092 832 2159 Reliquis
848 2097 941 2145 autem
956 2092 1004 2144 tri-

160 2171 212 2223 bus
226 2170 379 2224 virtutibus
398 2168 576 2221 necessitates
591 2170 751 2239 propositae
767 2177 833 2224 sunt
848 2173 884 2225 ad
900 2190 946 2225 eas
961 2189 1004 2225 res

161 2249 302 2319 parandas
324 2250 506 2318 tuendasque,
521 2249 624 2318 quibus
646 2249 720 2303 actio
738 2249 814 2303 vitae
836 2250 1003 2315 continetur,

161 2338 193 2383 ut
206 2336 233 2383 et
246 2329 365 2381 societas
377 2330 522 2382 hominum
539 2329 755 2399 coniunctioque
770 2336 894 2383 servetur
906 2336 934 2382 ct
947 2331 1000 2383 ani-

161 2411 200 2465 mi
222 2410 390 2463 excellentia
408 2411 631 2481 magnitudoque
654 2427 717 2463 cum
735 2411 765 2463 in
784 2411 922 2481 augendis
945 2412 1002 2483 opi·

162 2491 212 2542 bus
231 2487 459 2555 utilitatibusque
481 2491 509 2539 et
529 2487 631 2541 sibiet
651 2488 707 2540 suis
727 2487 923 2557 comparandis
942 2493 1003 2541 tum

161 2572 249 2623 multo
268 2567 358 2638 magis
372 2568 402 2619 in
417 2566 462 2619 hia
477 2567 546 2636 ipsis
563 2568 752 2637 despiciendis
772 2570 887 2622 eluceat.
926 2570 1003 2621 Ordo

161 2656 253 2702 autem
269 2655 296 2703 et
312 2648 470 2701 constantia
486 2653 514 2701 et
530 2649 685 2702 moderatio
700 2655 730 2701 et
744 2666 784 2716 ea,
795 2666 868 2717 qnae
882 2654 947 2702 sunt
959 2650 1004 2701 his

162 2731 271 2799 similia,
282 2736 428 2783 versantur
439 2730 470 2782 in
483 2746 516 2783 eo
529 2746 637 2799 genere,
647 2731 685 2782 ad
698 2730 774 2798 quod
787 2734 829 2782 est
842 2730 1004 2782 adhibenda

162 2811 236 2864 actio
249 2811 397 2879 quaedam,
407 2827 465 2863 non
478 2811 569 2862 solum
584 2810 686 2862 mentis
700 2810 826 2879 agitatio.
865 2810 917 2861 His
930 2808 1003 2861 enim

161 2890 252 2958 rebus,
269 2908 340 2960 quae
359 2896 514 2945 tractantur
534 2890 566 2942 in
585 2891 652 2958 vita,
670 2892 787 2944 modum
807 2890 956 2957 quemdam
976 2894 1004 2940 et

163 2972 290 3025 ordinem
309 2972 476 3026 adhibentes
491 2972 666 3025 honestatem
685 2976 713 3024 et
728 2972 813 3024 decus
831 2969 1004 3022 conservabi-

162 3070 232 3109 mus.

198 3136 246 3193 Vl.
274 3136 314 3190 18.
336 3136 379 3189 Ex
398 3138 532 3203 quattuor
547 3138 644 3188 autem
663 3132 741 3202 loeis,
756 3132 787 3184 in
806 3146 876 3202 quos
894 3129 1005 3185 honesti
