2242 3542
114 119 142 163 lll
339 116 376 164 M.
396 116 524 165 TULLII
541 116 732 165 CICERONIS

111 200 195 248 creat.
232 194 358 259 Malleoli,
376 195 495 263 plantae,
514 199 660 262 sarmenta,
678 195 845 262 viviradices,
869 213 967 266 propa-

112 272 193 340 gines,
214 287 302 324 nonne
322 287 355 324 ea
372 271 493 324 efficiunt
511 274 543 324 nt
561 271 686 340 quemvis
704 287 765 324 cum
784 271 967 343 admiratione
989 293 993 297 ·

111 347 267 400 delectentl
304 347 377 400 Vitis
398 347 508 421 quidem
533 364 604 416 quae
628 351 727 412 natura
750 348 853 400 caduca
876 351 919 401 cst
936 353 968 402 et
996 372 999 382 ·

111 423 162 475 nisi
175 423 244 476 fulta
256 423 292 476 sit
304 423 393 476 fertur
405 423 440 476 ad
454 426 567 488 terram,
580 423 677 476 eadem
690 427 722 476 ut
740 440 770 476 se
783 423 873 490 erigat
883 424 967 477 clavi-

112 499 179 552 culis
191 499 247 552 suis
255 499 333 567 quasi
343 499 468 552 manibus
477 499 613 567 quidquid
623 502 666 552 est
675 503 757 552 nacta
766 500 969 567 complectitur3

112 592 193 645 quam
206 579 361 643 serpentem
379 576 524 644 multiplici
543 576 621 644 lapsu
641 580 670 629 et
689 576 807 629 erratico
819 577 892 629 ferro
909 594 967 630 am-

112 655 210 720 putans
229 656 336 705 coercet
355 669 399 704 ars
418 653 605 719 agricolarum,
623 669 660 705 uc
677 653 803 706 silvescat
822 655 968 707 sarmentis

111 731 140 781 et
152 728 181 780 in
194 744 286 781 omnes
298 732 392 796 partes
404 728 488 780 nimia
499 728 639 781 fundatur.
677 735 717 782 53.
738 729 837 796 ltaque
855 729 967 782 ineunte

113 821 176 857 vere
188 804 216 856 in
228 805 261 857 iis
275 821 344 872 quae
362 805 458 858 relicta
476 807 540 856 suut
558 805 668 857 exsistit
686 809 826 872 tamquam
844 805 881 857 ad
898 806 966 858 arti—

73 911 77 918 ·
112 880 186 932 culos
198 884 398 934 sarmentorum
412 897 444 934 ca
456 896 527 947 quae
539 897 648 947 gemma
662 880 770 946 dicitur,
783 897 800 932 a
812 897 865 948 qua
877 881 968 934 oriens

112 973 164 1010 uva
182 973 242 1010 sese
260 957 399 1020 ostendit;
419 973 489 1024 qliae
507 959 537 1010 et
552 973 632 1009 succo
650 960 741 1010 terrac
756 961 784 1010 ct
800 957 890 1010 calore
903 953 968 1010 solis

98 1075 101 1080 .
113 1049 260 1100 augescens
272 1035 360 1102 primo
373 1036 415 1086 est
428 1032 576 1100 peracerba
587 1037 708 1100 gustatu,
719 1032 819 1086 deinde
830 1036 969 1086 maturata

113 1108 252 1176 dulcescit,
265 1110 420 1176 vestitaque
437 1109 572 1176 pampinis
591 1125 640 1161 nec
658 1108 765 1161 modico
782 1112 879 1176 teporo
891 1115 969 1162 caret

113 1189 142 1238 et
154 1185 252 1237 nimios
265 1185 328 1237 solis
341 1184 465 1237 defendit
477 1185 597 1236 ardores.
634 1185 694 1248 Qua
712 1185 779 1252 quid
797 1189 889 1252 potest
907 1201 968 1238 csse

113 1264 172 1314 tum
184 1261 275 1314 fructu
287 1261 386 1314 laetius
400 1264 458 1313 tum
471 1261 604 1328 adspectu
616 1261 774 1328 pulchriusl
810 1261 896 1328 Cujus
908 1262 969 1329 qui-

114 1337 176 1390 dem
192 1354 245 1389 non
260 1337 364 1390 utilitas
383 1353 426 1390 me
444 1337 537 1403 solum,
551 1342 584 1390 ut
598 1342 663 1390 ante
675 1337 740 1403 dixi,
755 1337 898 1390 sedetiam
912 1337 969 1390 cul-

114 1417 177 1466 tura
196 1413 302 1480 etipsa
321 1417 419 1465 natura
438 1413 574 1466 delectat:
599 1412 826 1465 adminiculorum
851 1413 969 1480 ordines,

114 1490 233 1557 capitum
246 1489 361 1557 jugatio
378 1488 503 1554 religatio
516 1491 545 1541 et
556 1489 718 1556 propagatio
730 1489 835 1556 vitium,
848 1506 968 1542 sarmen-

114 1569 259 1634 torumque
271 1583 304 1618 ea
316 1582 399 1634 quam
415 1565 471 1616 dixi
487 1565 602 1618 aliorum
618 1565 771 1632 amputatio
787 1565 902 1617 aliorum
918 1565 969 1617 im-

114 1643 213 1695 missio.
240 1641 311 1706 Quid
322 1658 373 1708 ego
386 1641 566 1708 irrigationes
580 1641 647 1708 quid
660 1641 793 1694 fossiones
805 1642 865 1708 agri
878 1636 969 1709 repas-

114 1719 315 1786 tinationesque
327 1718 463 1786 proferam
477 1717 577 1785 quibus
590 1717 623 1770 fit
634 1718 721 1770 multo
729 1721 804 1770 terra
811 1711 970 1770 fecundiori

115 1802 154 1848 54.
173 1794 246 1858 Quid
259 1794 294 1847 de
307 1794 427 1846 utilitate
434 1794 530 1861 loquar
540 1793 709 1846 stercorandi
720 1795 729 1846 ‘l
747 1793 805 1846 dixi
817 1794 845 1846 in
858 1811 890 1846 eo
899 1792 971 1845 libro

115 1888 195 1940 quem
209 1871 243 1924 de
256 1869 338 1923 rebus
351 1871 459 1924 rusticis
473 1870 577 1938 scripsi,
595 1870 630 1922 de
643 1888 697 1938 qua
715 1870 812 1923 doctus
829 1869 970 1922 Hesiodus

115 1965 148 2001 ne
158 1947 271 2000 verbum
283 1947 394 2014 quidem
406 1946 470 1999 fecit
484 1963 568 2013 quum
582 1947 617 1999 do
630 1947 737 2000 cultura
751 1945 809 2012 agri
822 1945 970 2001 scriberet:

115 2027 144 2077 at
164 2023 307 2089 Homerus,
325 2024 373 2092 qui
393 2023 494 2089 multis,
515 2027 547 2076 ut
565 2022 632 2075 mihi
653 2023 770 2088 ridetur,
790 2026 854 2075 ante
873 2022 971 2074 seculis

115 2099 174 2166 suit,
192 2100 319 2152 Laertem
337 2099 484 2153 lenientem
507 2099 683 2164 desidorium,
709 2099 784 2167 quod
806 2098 932 2166 capicbat
955 2115 970 2150 c

116 2176 178 2242 filio,
192 2176 325 2232 colentem
345 2193 440 2242 agrum
461 2179 489 2228 et
507 2193 569 2228 eum
586 2179 783 2228 stercorantem
804 2176 875 2229 facit
913 2174 971 2226 Nec

115 2259 179 2305 vero
196 2251 335 2320 segetibus
350 2252 436 2303 solum
453 2257 482 2304 et
500 2253 587 2319 pratis
607 2256 635 2304 et
653 2252 738 2305 vineis
754 2257 783 2304 et
795 2251 914 2304 arbustis
926 2267 971 2302 res

115 2327 232 2381 rusticae
248 2328 337 2381 laetae
354 2332 425 2392 sunt,
438 2327 486 2382 scd
502 2329 585 2380 etiam
603 2329 690 2381 hortis
707 2334 736 2382 et
748 2329 893 2396 ponsariis3
911 2333 969 2380 tum

116 2403 250 2471 pecudum
268 2406 356 2471 pastu,
376 2404 466 2470 apium
486 2404 663 2469 examinibus,
684 2405 780 2458 florum
795 2406 914 2456 omnium
927 2421 971 2456 va·
1016 2453 1020 2456 ,
1054 2446 1058 2454 .

97 2481 221 2533 =riotate
258 2479 283 2530 N
286 2495 316 2531 ee
328 2479 491 2531 consitiones
505 2479 586 2532 modo
606 2479 745 2534 delectant
764 2481 914 2534 sedetiam
934 2480 972 2532 in·
1053 2518 1056 2525 .

117 2556 236 2619 sitionesr,
249 2555 347 2622 quibus
359 2555 426 2607 nihil
439 2555 545 2608 invenit
557 2557 723 2624 agricultura
736 2559 881 2611 sollertius

169 2631 249 2684 XVl.
276 2638 317 2684 55.
346 2631 459 2683 Possum
472 2633 601 2701 persequi
614 2634 701 2688 multa
715 2635 919 2688 oblectamenta
931 2649 972 2685 re

117 2723 177 2759 rum
197 2707 377 2773 rusticarunr;
403 2708 451 2760 sed
471 2726 504 2762 en
526 2710 585 2778 ipsa
605 2728 675 2779 quae
695 2711 752 2764 dixi
778 2711 862 2763 fuisse
884 2709 972 2763 sentio

117 2782 245 2849 longiora.
282 2784 434 2851 Ignoscetis
447 2791 538 2839 autem
547 2807 553 2851 ;
572 2804 635 2840 nam
652 2793 682 2842 et
699 2788 791 2842 studio
808 2803 900 2840 rorum
913 2802 972 2838 rus-

73 2869 87 2930 ,¹
118 2859 231 2912 ticarum
244 2865 388 2928 provectus
402 2865 508 2926 sumet
521 2868 647 2918 senectus
657 2869 700 2918 est
711 2868 811 2917 natura
825 2863 972 2931 loquacior,

119 2952 151 2988 ne
163 2935 198 2988 ab
211 2936 334 2990 omnibus
348 2954 409 2990 eam
421 2938 495 2990 vitiis
508 2940 603 2993 videar
615 2942 761 2994 vindicare.
793 2940 866 3006 Ergo
880 2938 973 2992 inhac
1036 2953 1039 2957 ·
1096 2949 1101 2958 '

122 3012 174 3065 lita
196 3013 239 3067 Μ’.
259 3013 363 3078 Curius,
385 3032 468 3082 quum
489 3016 524 3069 de
545 3016 721 3081 Samnitibus,
742 3016 778 3068 dc
800 3015 915 3081 Sabinis,
937 3014 973 3066 de

122 3088 223 3156 Pyrrho
250 3090 453 3158 triumphasset,
482 3093 650 3159 consumpsit
677 3096 833 3144 extremum
862 3094 972 3157 tempus

100 3165 233 3230 metatio
258 3166 336 3235 cujus
358 3167 470 3234 quidem
492 3183 542 3232 ego
563 3167 655 3220 villam
676 3165 873 3232 contemplans.
893 3165 973 3217 abest
