2242 3542
357 135 448 184 CATO
466 133 598 182 MAJOR.
635 133 711 182 cAr.
731 132 806 178 Xll.
973 135 1002 180 13

154 234 260 286 cunque
277 217 387 270 dolendi
401 233 472 270 nunc
491 232 574 282 quum
591 215 709 268 maximo
723 213 835 267 conficio
852 215 1002 269 orationes:

151 293 197 360 jus
215 295 364 362 augurium,
377 297 444 362 pont
432 282 553 360 tifi'cium,
572 292 680 346 civilet
668 295 770 345 tracto:
789 290 905 344 multum
920 291 1003 345 etiam

155 371 266 424 Graecis
287 369 387 422 litteris
415 373 484 434 utor,
511 367 799 437 Pythagoreorumque
827 376 903 422 more
927 385 1003 421 exer

154 446 256 499 cendae
280 446 426 499 memoriae
453 447 550 514 gratia,
576 444 643 512 quid
669 460 777 511 quoque
807 444 852 497 die
882 443 1003 505 dixerim,

153 523 294 588 audierim,
307 522 417 590 egerim,
430 538 611 583 commemoro
624 521 736 588 vesperi.
773 520 836 573 Hae
852 525 915 574 sunt
927 538 1004 574 exer-

154 599 296 652 citationes
312 599 420 666 ingenii‚
440 598 507 652 haec
526 597 667 650 curricula>
681 597 792 650 mentis:
815 597 843 648 in
862 596 905 650 his
924 598 1003 650 desu-

155 675 222 728 dans
243 679 325 742 atque
344 674 486 728 elaborans
502 674 622 742 corporis
639 673 711 726 vires
732 689 785 725 non
802 690 900 740 magno
920 690 1003 743 opere

154 751 285 805 desidero.
323 751 429 805 Adsum
449 751 555 804 amicis:
574 751 652 803 venio
673 750 701 802 in
722 750 852 804 Senatum
874 750 1004 818 frequens

155 827 280 895 ultroque
304 826 387 880 affero
410 843 455 880 res
478 826 595 878 multum
620 830 649 879 et
673 826 720 879 diu
741 828 881 894 cogitatas,
903 843 1004 896 easque

154 907 231 957 tueor
254 903 336 955 animi
360 919 413 954 non
439 902 558 970 corporis
583 901 694 954 viribus.
744 902 819 965 Quae
844 903 866 954 si
891 904 1002 972 exsequi

153 981 302 1048 nequirem,
320 984 413 1033 tamen
429 995 481 1032 me·
491 978 607 1030 lectulus
626 978 776 1031 oblectaret
795 996 872 1032 meus
891 996 924 1032 ea
944 981 1003 1048 ipsa

154 1057 319 1124 cogitantem
333 1073 403 1126 quae
417 1056 572 1124 jam-agere
589 1071 643 1106 non
655 1071 778 1122 possem;
796 1057 845 1109 sed
857 1060 889 1109 ut
900 1057 1000 1124 possim

152 1133 218 1186 facit
206 1137 297 1186 tacta
314 1134 379 1186 rita.
416 1133 529 1200 Semper
542 1131 614 1184 enim
632 1132 660 1184 in
678 1131 721 1185 his
737 1133 836 1186 studiis
853 1132 1000 1186 laboribus-

8 1239 22 1246 «
67 1206 71 1212 ’
153 1221 206 1277 quc
222 1209 322 1263 viventi
344 1227 397 1262 non
416 1207 581 1276 intelligitur
602 1209 711 1277 quando
732 1209 847 1278 obrepat
866 1213 1000 1262 senectus

155 1286 199 1338 lta
216 1286 315 1339 sensim
329 1285 386 1339 sinc
399 1301 479 1339 sensu
492 1303 523 1338 a
525 1290 569 1339 tas
582 1287 712 1351 senescit,
730 1302 780 1339 nec
797 1286 889 1340 subito
901 1285 1066 1367 frangi-,N
1009 1278 1069 1329 W

107 1401 110 1410 .
152 1364 204 1426 tur,
218 1363 266 1415 sed
279 1353 339 1416 Ιιιιιιι
328 1362 459 1414 utrnitatc
474 1360 652 1427 extinguitur.
1052 1373 1065 1418 s

204 1437 273 1492 XII.
299 1443 337 1492 39.
357 1438 487 1505 Sequitur
498 1437 754 1506 tertiatituperatio
768 1435 916 1490 senectutis
928 1437 1002 1504 quod

152 1529 213 1566 eam
231 1530 324 1567 carere
340 1515 434 1568 dicunt
449 1512 643 1582 voluptatibus
681 1512 886 1580 Opracclarum
904 1530 1002 1565 munus

152 1591 233 1643 aetat
215 1596 257 1660 tis,
277 1590 300 1642 si
319 1590 428 1658 quidem
446 1591 475 1643 id
493 1590 585 1642 aufert
600 1589 679 1640 nobis
698 1589 771 1656 quod
790 1589 878 1656 estin
898 1588 1001 1641 adoles

152 1667 241 1718 centia
263 1666 478 1720 vitiosissimum!
523 1666 649 1732 Accipite
673 1665 751 1726 eninr,
776 1665 872 1732 optimi
897 1665 1001 1718 adoles

152 1745 250 1807 centes,
269 1747 390 1797 veterem
412 1743 562 1795 orationem
584 1741 723 1809 Archytae
744 1741 889 1808 Tarentini,
910 1743 1001 1808 magni

152 1819 178 1870 in
190 1819 284 1886 primis
297 1823 326 1873 et
337 1820 470 1888 praeclari
489 1819 545 1881 viri,
566 1835 636 1885 quae
655 1817 720 1869 mihi
739 1817 845 1870 tradita
859 1823 902 1870 est
916 1835 1000 1886 quum

114 1922 116 1926 ·
152 1910 238 1948 essem
259 1896 416 1950 adolescens
438 1895 548 1948 Tarenti
570 1910 632 1946 cum
656 1893 688 1956 Q.
710 1894 843 1948 Maxime:
867 1895 999 1947 “Nullam

151 1971 335 2038 capitaliorem
347 1976 454 2040 pestem
470 1987 551 2040 quam
569 1970 689 2038 corporis
705 1970 874 2039 voluptatem
887 1969 1000 2022 homini-

149 2045 202 2099 bus
221 2047 331 2100 dicebat
355 2064 371 2100 a
394 2050 492 2101 natura
512 2046 613 2114 datam,
634 2047 712 2113 cnjus
733 2046 880 2113 voluptatis
904 2046 1000 2100 avidae

51 2178 53 2185 ¹
150 2121 278 2175 libidines
289 2126 394 2176 temere
406 2127 434 2176 et
447 2123 579 2176 effrenate
591 2122 627 2174 ad
639 2120 800 2189 potiundam
814 2121 999 2176 incitarentur.

60 2230 62 2234 ·
150 2204 191 2251 40.
220 2198 289 2251 llinc
309 2199 414 2266 patriae
435 2198 610 2267 proditiones,
635 2198 697 2249 hinc
718 2213 809 2250 rernm
832 2196 999 2264 publicarum

150 2274 312 2340 eversiones,
337 2274 399 2326 hinc
427 2290 488 2327 curn
516 2274 642 2327 hostibus
673 2273 841 2326 claudestina
868 2273 999 2342 colloquia

150 2350 237 2415 naaci;
264 2349 365 2403 nullum
385 2349 503 2417 deniquo
528 2349 623 2416 scelus,
648 2349 750 2402 nullum
776 2349 876 2402 malum
895 2350 1000 2405 facinus

150 2444 217 2493 esse,
230 2427 265 2480 ad
279 2427 352 2495 quod
364 2426 566 2494 suscipiendum
578 2442 631 2478 non
649 2426 733 2479 libido
745 2426 893 2494 voluptatis
906 2427 1000 2496 impel-

150 2504 219 2557 leret
228 2524 235 2568 ;
254 2506 349 2571 stupra
366 2519 431 2556 roro
450 2507 478 2556 et
496 2502 633 2556 adulteria
651 2506 681 2555 et
698 2519 778 2556 omne
795 2503 851 2555 tale
867 2503 999 2571 flagitium

148 2579 229 2632 nullis
241 2579 355 2648 excitari
370 2579 430 2633 aliis
448 2579 585 2633 illecebris
597 2579 649 2631 nisi
662 2579 817 2647 voluptatis.
855 2578 999 2648 Quumque

149 2656 250 2708 homini
267 2656 324 2708 sive
340 2659 438 2708 natura
456 2657 512 2710 sive
530 2657 591 2724 quis
611 2656 679 2709 deus
695 2655 762 2708 nihil
776 2658 868 2708 mento
881 2661 1000 2722 praesta·
1070 2706 1071 2709 ,

35 2743 41 2751 ’
101 2753 102 2757 ’
149 2731 230 2784 bilius
249 2731 379 2798 dedisset,
400 2731 463 2785 huic
478 2733 570 2786 divino
590 2734 695 2786 muneri
714 2749 746 2786 ac
764 2732 836 2784 dono
853 2731 920 2784 nihil
939 2749 999 2785 esse

149 2811 205 2862 tam
217 2807 356 2862 inimicum
369 2824 450 2876 quam
464 2809 641 2878 voluptatem.
672 2816 712 2862 41.
732 2809 758 2861 N
759 2825 790 2863 ec
802 2809 874 2862 enim
887 2808 1000 2861 libidine

149 2883 306 2937 dominante
325 2885 523 2952 temperantiae
539 2885 627 2938 locum
651 2902 718 2953 esse,
738 2902 828 2955 nequo
846 2885 954 2937 omnino
972 2885 999 2936 in

149 2959 295 3026 voluptatis
312 2975 397 3026 regno
415 2960 544 3015 virtutem
563 2978 643 3029 posse
659 2963 816 3016 consistere.
854 2960 1000 3027 Quodque

148 3035 235 3102 magia
247 3035 365 3102 intelligi
377 3039 478 3104 posset,
492 3037 596 3104 lingere
608 3039 698 3091 animo
713 3038 831 3106 jubebat
844 3040 921 3091 tanta
933 3036 999 3089 inci-

148 3114 237 3164 tatum
249 3111 368 3180 aliquem
380 3110 521 3180 voluptate
539 3115 659 3180 corporis
678 3119 781 3182 quanta
792 3112 894 3182 percipi
907 3115 999 3179 posset

149 3187 280 3242 maxima:
306 3185 408 3241 nemini
429 3189 558 3244 censebat
575 3190 635 3245 fore
654 3189 769 3244 dubium
794 3189 859 3258 quin
885 3186 998 3251 tamdiu,
