2242 3542
310 143 379 191 LIB.
397 142 429 200 1.‚
449 140 528 190 CAP.
545 141 579 190 X.
600 140 661 201 XL,
679 144 798 199 §ar-35.
946 139 977 189 73

133 242 230 282 verum
245 230 288 278 est
302 226 334 291 Q.
345 225 466 278 Fabium
481 224 639 276 Labeonem
654 239 703 276 seu
715 229 799 292 quem
814 223 977 276 alium-ni-

134 308 176 360 hil
190 306 269 374 enim
287 306 378 358 habeo
398 312 508 374 praeter
527 304 839 357 auditum—arbitrum
859 304 978 357 Nolanis

133 393 163 441 et
180 386 373 456 Neapolitanis
396 387 431 438 de
452 385 555 437 finibus
577 401 594 437 a
614 389 711 438 senatu
734 386 839 451 datum,
855 401 920 437 cum
941 386 979 437 ad

134 470 227 520 locum
246 467 374 534 venisset,
394 482 458 520 cum
477 465 604 533 utrisque
623 465 773 534 separatim
790 467 924 533 locutum,
943 483 979 519 ne
1019 485 1022 490 ·

134 548 237 617 cupide
256 547 327 615 quid
345 550 468 616 agerent,
481 563 516 599 ne
535 549 699 615 appetenter
717 551 800 613 atque
819 552 851 598 ut
867 545 979 615 regredi

135 646 221 698 quam
240 628 373 697 progredi
394 628 520 682 mallent.
557 628 592 679 Id
614 643 679 679 cum
702 627 815 694 utrique
839 626 978 694 fecissent,

135 710 311 778 aliquantum
322 709 383 777 agri
392 709 423 760 in
432 707 526 760 medio
536 707 666 760 relictum
676 712 726 760 est.
757 707 977 775 Itaqueillorum

134 791 203 842 fines
218 790 265 850 sic.
279 793 311 841 ut
325 788 381 857 ipsi
396 789 533 855 dixerant,
546 787 724 841 terminavit:
742 787 773 839 in
791 787 885 841 medio
900 787 977 839 relic-

134 876 196 922 tum
206 870 284 937 quod
298 874 356 922 erat
369 870 475 937 populo
485 872 612 920 Romano
622 868 804 921 adiudicavit..
842 868 979 936 Decipere

135 951 190 1002 hoc
207 949 322 1017 quidem
341 958 391 1014 est,
404 964 462 999 non
480 947 613 1000 iudicare.
652 947 789 1013 Quocirca
806 948 837 1000 in
855 948 932 1000 omni
950 965 979 1000 re

135 1030 271 1098 fugienda
284 1037 325 1080 est
339 1029 403 1082 talis
415 1028 545 1080 sollertia.

171 1112 221 1164 XI.
248 1111 319 1163 Sunt
332 1116 424 1162 autem
435 1110 574 1177 quaedam
587 1108 678 1161 officia
691 1110 775 1162 etiam
788 1109 920 1162 advorsus
932 1126 980 1162 eos

136 1192 279 1257 servanda,
294 1208 309 1242 a
325 1190 427 1257 quibas
445 1189 576 1242 iniuriam
595 1190 743 1258 acceperis.
779 1191 831 1243 Est
845 1190 920 1243 enim
938 1191 979 1243 ul-

136 1272 260 1325 ciscendi
275 1277 303 1323 et
318 1269 455 1339 puniendi
470 1271 580 1339 modus,
594 1274 679 1338 atque
694 1271 771 1323 haud
787 1271 846 1323 scio
861 1288 897 1324 an
912 1271 980 1323 satis

135 1353 172 1404 sit
190 1369 263 1418 eum,
277 1352 326 1419 qui
344 1350 504 1416 lacessierit,
520 1351 641 1404 iniuriae
659 1367 725 1404 suae
739 1352 890 1421 poenitere,
904 1357 935 1403 ut
950 1358 979 1402 et

136 1434 195 1502 ipse
214 1450 249 1486 ne
268 1433 337 1501 quid
357 1433 413 1485 talc
431 1431 550 1500 posthac
570 1436 598 1483 et
617 1431 700 1483 ceteri
720 1431 776 1485 sint
793 1433 829 1485 ad
848 1433 979 1484 iniuriam

136 1513 278 1566 tardiores.
314 1513 354 1565 34.
367 1513 460 1578 Atque
474 1511 502 1563 in
516 1528 544 1564 re
557 1510 671 1579 publica
681 1512 801 1565 maxime
814 1529 980 1565 conservan-

138 1595 175 1646 da
194 1597 259 1646 sant
280 1593 340 1645 iura
358 1592 434 1646 belli.
471 1594 545 1646 Nam
567 1609 630 1645 cum
653 1593 710 1646 sint
731 1594 788 1646 duo
810 1610 911 1663 genera
933 1593 980 1646 de·

137 1673 272 1740 certandi,
285 1689 373 1726 unum
391 1689 441 1742 per
458 1673 699 1743 disceptationem,
714 1676 832 1728 alterum
847 1691 898 1744 per
913 1674 979 1742 vinr,

137 1771 256 1823 cumque
279 1754 352 1806 illud
373 1753 518 1824 proprium
543 1753 581 1806 sit
601 1754 731 1822 hominis,
750 1756 804 1809 hoc
826 1756 979 1822 beluarum,

137 1835 359 1904 confugiendum
374 1839 415 1887 est
431 1836 468 1886 ad
483 1835 629 1903 posterius,
642 1835 666 1887 si
680 1834 727 1888 ¹uti
741 1853 800 1889 non
814 1836 881 1890 licet
900 1854 980 1906 supe-

137 1916 216 1969 riore.
254 1918 296 1968 35.
313 1916 375 1980 Qua
393 1931 422 1967 re
441 1915 619 1984 suscipienda
638 1916 752 1982 quidem
770 1917 845 1970 bella
863 1923 928 1970 sunt
943 1918 980 1968 oh

137 2013 199 2048 eam
214 2013 332 2061 causam,
346 2001 377 2048 ut
393 1995 451 2047 sine
466 1995 570 2048 iniuria
583 1995 614 2046 in
627 2011 696 2064 pace
708 1997 826 2064 vivatur,
839 2005 920 2066 parta
934 2013 979 2049 aa·

138 2081 196 2128 tem
208 2075 326 2128 victoria
338 2075 522 2126 conservandi
537 2075 568 2140 ii,
582 2075 631 2142 qni
643 2091 699 2126 non
714 2077 841 2129 crudeles
853 2077 882 2128 in
897 2077 979 2142 bella,

137 2172 195 2207 non
213 2155 348 2207 immanes
368 2153 488 2221 inererat,
505 2161 536 2207 ut
556 2155 674 2207 maiores
692 2155 780 2207 nostri
799 2157 980 2222 Tusculanos,

138 2237 260 2304 Aequos,
269 2236 393 2301 Volscos,
408 2234 532 2302 Sabinos,
546 2235 684 2288 Hernicos
697 2235 726 2287 in
740 2235 883 2289 civitatem
896 2237 980 2289 ctiam

138 2321 313 2386 acceperunt,
333 2321 362 2367 at
384 2315 589 2384 Karthaginem
609 2321 637 2369 et
654 2316 832 2368 Numantiam
852 2316 980 2370 funditus

138 2398 323 2451 sustulerunt:
343 2397 447 2449 nollem
462 2395 636 2457 Corinthum.
650 2397 700 2449 sed
718 2397 802 2449 credo
816 2397 924 2465 aliquid
940 2415 980 2452 se-

138 2484 225 2543 cutos,
237 2476 477 2546 opportunitatem
489 2477 545 2530 loci
557 2477 686 2543 maxime,
700 2495 735 2530 ne
748 2485 842 2547 posset
854 2479 980 2546 aliquan-

141 2561 176 2612 do
195 2559 232 2611 ad
251 2559 355 2610 bellurn
373 2557 535 2610 faciendum
553 2559 632 2611 locus
650 2558 711 2627 ipse
729 2560 880 2612 adhortari.
917 2561 981 2612 Mea

145 2640 253 2707 laidem
272 2638 409 2691 sententia
424 2637 495 2707 paci,
510 2654 580 2706 quae
596 2637 667 2690 nihil
683 2639 814 2692 habitura
832 2640 870 2691 sit
884 2640 981 2692 insidi·

139 2735 346 2788 a1·unr,seurper
361 2724 403 2771 cst
418 2720 628 2772 consulendum.
665 2720 698 2771 In
713 2735 768 2788 quo
784 2720 808 2771 si
823 2720 894 2771 mihi
909 2726 981 2773 esset

139 2800 369 2868 obtemperatum,
384 2799 407 2850 si
425 2815 481 2850 non
497 2799 643 2868 optimam,
656 2803 685 2850 at
700 2800 824 2867 aliquam
839 2817 896 2852 rem
910 2801 980 2868 puh

139 2879 230 2944 licam,
246 2896 317 2948 quae
336 2895 411 2931 nunc
430 2881 508 2933 nulla
527 2883 576 2946 est,
592 2879 762 2933 haberemus.
799 2881 836 2931 Et
855 2896 919 2932 cum
936 2880 979 2947 iis,

140 2976 209 3028 qaros
223 2959 253 3011 vi
271 2959 413 3026 deviceris,
428 2959 631 3012 consulendum
649 2965 698 3027 est,
711 2965 772 3013 tum
787 2961 815 3025 ii,
829 2960 879 3027 qni
898 2948 981 3012 alniis

141 3039 239 3109 positis
251 3040 287 3092 ad
297 3039 496 3107 imperatorum
505 3040 590 3092 fidem
600 3039 771 3108 confugient,
782 3040 909 3108 quamvis
922 3057 981 3092 mu-

140 3137 201 3173 rum
216 3119 286 3174 aries
300 3120 474 3189 percusserit,
488 3119 650 3188 recipiendi.
688 3120 720 3171 In
734 3136 789 3189 quo
802 3125 882 3172 tanto
898 3135 979 3188 opere
