2242 3542
120 133 167 181 ltu
430 134 479 182 DE
496 134 650 184 OFFICIIS

118 232 165 268 mo
176 232 284 286 semper
295 216 325 268 in
339 218 443 269 bonore
453 216 507 269 fuit
519 217 645 287 cognitio
658 221 741 285 atque
751 218 960 289 interpretatio:

118 313 203 364 quam
225 296 340 365 quidem
361 302 425 349 ante
445 298 518 350 hanc
539 297 730 351 confusionem
751 292 909 369 temporum
931 302 961 353 in

118 376 289 446 possessione
308 394 358 429 sua
377 378 517 447 principes
535 379 716 443 retinuerunt,
729 396 812 447 nune,
827 386 859 432 ut
876 382 961 433 hono

63 481 65 483 v
117 474 167 523 res,
187 462 220 509 nt
241 474 338 509 omnes
360 457 509 527 dignitatis
530 459 643 527 gradus,
663 459 702 512 sic
722 460 805 512 liuius
828 460 960 514 scientiae
1009 456 1015 461 ’

117 538 250 606 splendor
263 538 371 591 deletus
384 544 433 607 est,
444 540 532 606 idque
543 556 576 591 eo
590 538 744 608 indignius
756 542 834 607 quod
845 558 880 593 eo
893 548 960 594 tem-

116 634 183 685 pore
199 618 255 670 hoe
270 618 399 687 contigit,
411 635 474 670 cum
489 618 513 671 is
529 623 608 685 essct,
620 619 669 686 qui
685 631 781 671 omnes
796 621 958 689 superiores,

117 697 219 765 quibus
231 699 337 751 honore
350 715 400 769 par
412 702 491 764 esset,
502 698 620 750 scientia
632 698 714 751 facile
724 699 843 753 vicisset.
882 701 959 753 Haec

115 777 205 846 igitur
215 796 304 848 opera
319 785 400 847 grata
414 777 511 830 multis
530 779 610 830 etad
626 778 767 831 beneficiis
786 780 960 848 obstringen-

117 859 168 909 dos
184 859 310 911 lromines
325 858 545 913 accommodata.
583 860 626 911 66.
642 859 736 925 Atque
751 860 818 912 huic
833 860 886 912 arti
899 860 959 912 fini·

115 938 184 990 tima
197 944 238 991 est
248 940 363 993 dicendi
375 940 489 1009 gravior
497 938 618 992 facultas
632 944 660 989 et
670 939 776 1006 gratior
789 944 817 992 et
826 940 958 995 ornatior,

115 1019 191 1084 Quid
215 1020 289 1072 enim
311 1022 470 1088 eloquentia
491 1020 689 1089 praestabilius
709 1022 753 1073 vel
774 1021 959 1076 admiratione

115 1100 290 1152 audientium
309 1101 354 1151 vel
374 1117 423 1169 spe
444 1102 636 1170 indigentium
657 1104 701 1153 rel
721 1117 824 1168 eorum,
841 1102 891 1169 qui
911 1102 958 1154 de-

114 1180 186 1231 fensi
207 1186 280 1245 sunt,
299 1180 409 1249 gratial
446 1182 521 1233 Huic
543 1199 655 1249 quoque
678 1198 745 1250 ergo
767 1200 784 1234 a
805 1182 958 1234 maioribus

113 1259 215 1311 nostris
234 1261 319 1312 estin
338 1266 406 1330 toga
425 1262 573 1331 dignitatis
588 1263 762 1333 principatus
782 1263 871 1315 datus.
908 1264 958 1315 Di-

113 1340 179 1392 serti
199 1340 288 1409 igitur
307 1341 430 1393 hominis
450 1347 478 1394 et
496 1342 578 1395 facile
597 1343 758 1409 laborantis,
775 1344 909 1412 quodque
926 1344 957 1395 in

113 1419 211 1488 patriis
230 1426 272 1473 est
289 1422 421 1488 moribus,
435 1424 587 1475 multorum
605 1440 701 1475 causas
720 1429 747 1475 et
766 1440 824 1474 non
841 1429 957 1492 gravate

113 1508 141 1552 et
153 1501 277 1569 gratuito
291 1502 467 1555 detendentis
479 1504 613 1555 beneficia
628 1509 656 1555 et
668 1504 825 1573 patrocinia
840 1505 896 1556 late
908 1520 956 1573 pa-

113 1585 181 1633 tent.
219 1584 260 1634 67.
277 1582 456 1634 Admonebat
474 1599 518 1635 me
533 1600 576 1635 res
593 1588 624 1635 ut
640 1585 695 1635 hoc
710 1600 821 1651 qnoque
837 1585 898 1637 loeo
913 1584 956 1636 in·

112 1654 517 1729 termissionemeloquentiae,
531 1679 566 1715 ne
584 1663 675 1715 dicam
693 1664 845 1730 interitum,
857 1664 954 1733 deplo-

111 1757 208 1808 rarem,
218 1741 249 1792 ni
261 1757 369 1793 vererer
382 1758 416 1794 ne
432 1742 468 1794 de
483 1759 527 1794 me
541 1742 604 1811 ipso
619 1744 728 1811 aliquid
741 1744 851 1797 viderer
865 1745 953 1811 queri.

112 1821 168 1873 Sed
181 1826 275 1873 tamen
284 1821 414 1883 videmus
426 1822 529 1890 quibus
542 1824 688 1877 exstinctis
701 1826 857 1877 oratoribus
869 1841 954 1892 quam

111 1901 141 1953 in
159 1901 256 1970 paucis
274 1918 345 1971 spes,
359 1910 466 1969 quanto
484 1902 515 1955 in
533 1904 713 1972 paucioribus
728 1904 854 1972 facultas,
868 1921 954 1973 quarn

110 1981 139 2033 in
152 1982 249 2035 multis
263 1982 300 2035 sit
313 1982 438 2036 audacia.
473 1984 543 2036 Cum
556 1988 649 2035 autem
663 2000 758 2037 onmes
770 1985 953 2054 nonpossint,

51 2105 53 2108 .
110 2078 145 2114 ne
159 2062 242 2116 multi
257 2063 373 2132 quidem
388 2068 437 2117 aut
451 2063 520 2115 iuris
534 2063 619 2131 periti
634 2079 693 2115 esse
708 2068 756 2116 aut
772 2064 876 2131 diserti,
888 2065 953 2117 licet

109 2146 205 2194 tamen
219 2159 305 2211 opera
319 2144 451 2211 prodesse
466 2143 562 2195 multis
575 2142 710 2196 beneficia
721 2149 869 2212 petentem,
880 2160 953 2197 com-

109 2222 289 2275 mendantem
310 2223 461 2290 iudicibus,
480 2223 698 2292 magistratibus,
714 2224 880 2293 vigilantem
901 2241 953 2293 pro

109 2317 138 2354 re
157 2303 279 2368 alterius,
295 2319 342 2355 eos
359 2303 443 2372 ipsos,
457 2303 506 2371 qui
524 2308 573 2355 aut
590 2303 774 2357 consuluntur
791 2309 840 2357 aut
860 2304 953 2357 defen-

110 2382 190 2448 dunt,
206 2388 365 2451 rogantem:
386 2385 463 2451 quod
482 2384 531 2451 qui
549 2383 657 2436 faciunt
675 2384 826 2453 plurimum
846 2385 952 2453 gratiae

109 2468 319 2529 consequuntur
328 2463 518 2531 latissimeque
531 2480 626 2517 eorum
639 2472 735 2518 rnanat
744 2466 888 2518 industria.
909 2468 951 2518 68.

93 2544 169 2614 piam
183 2543 256 2596 illud
271 2560 327 2595 non
342 2548 407 2596 sunt
421 2544 670 2598 admonendi-est
685 2546 760 2597 enirn
775 2546 952 2614 inpromptu

93 2617 177 2692 t-ut
196 2622 320 2675 animum
340 2624 496 2692 advertant,
516 2640 580 2677 cum
601 2626 695 2678 iuvare
715 2626 785 2677 ulios
805 2626 951 2689 velintne

92 2699 98 2755 i
111 2719 180 2770 quos
190 2703 341 2763 offendant.
375 2705 463 2774 Saepe
476 2704 550 2757 enim
564 2710 612 2757 aut
623 2722 669 2757 eos
679 2706 803 2772 laedunt,
813 2721 882 2773 quos
895 2721 952 2757 non

111 2783 219 2850 debent,
231 2787 279 2836 aut
294 2800 349 2852 eos,
359 2801 429 2853 quos
440 2802 497 2837 non
512 2786 643 2854 expedit:
663 2786 687 2839 si
700 2786 892 2856 imprudentes
904 2806 952 2856 ‘ne-

106 2864 265 2933 glegentiae
275 2869 332 2917 est:
346 2865 369 2917 si
379 2865 505 2931 scientes,
514 2866 686 2919 temeritatis.
712 2868 856 2921 Utendum
867 2870 952 2923 etiam

109 2950 150 2995 est
171 2945 350 2998 excusatione
373 2947 506 2997 aclversus
527 2962 581 3011 eos,
598 2962 668 3012 quos
689 2945 796 2999 invitus
817 2949 949 3017 offendas,

107 3039 283 3092 quacumque
299 3025 395 3093 possis,
410 3041 466 3091 qua
480 3042 509 3077 re
524 3026 563 3089 id,
575 3027 651 3093 quod
665 3025 771 3095 feceris,
784 3044 895 3082 neeesse
909 3030 951 3083 fu·

107 3104 160 3155 erit
174 3120 226 3155 nec
241 3104 323 3156 aliter
336 3103 427 3155 faeere
445 3105 574 3171 potueris,
586 3106 739 3173 ceterisque
757 3109 849 3175 operis
868 3114 896 3161 et
911 3110 951 3163 of-

108 3180 177 3233 ficiis
189 3183 242 3234 erit
254 3182 293 3247 id,
304 3184 382 3249 quod
396 3182 530 3234 violatum
545 3192 593 3251 est,
605 3186 851 3253 compensandum.
