2242 3542
129 118 159 163 40
361 117 398 165 M.
417 115 545 165 TULLII
564 118 755 166 CICERONIS

128 196 182 249 tari
194 197 217 250 si
229 198 257 251 in
270 197 379 251 honoris
391 200 593 263 contentionem
604 200 777 255 incidissent:
790 205 896 271 pestem
908 202 986 258 enim

128 270 228 329 nullam
244 274 377 345 majorem
396 292 456 331 esse
490 275 518 329 in
537 276 664 330 amicitiis
688 294 771 345 quam
792 278 822 331 in
844 280 987 349 plerisque

129 354 259 421 pecuniae
287 352 474 419 cupiditatem,
500 353 527 405 iu
551 353 663 421 optimis
687 354 841 422 quibusque
872 355 986 409 honoris

129 432 268 491 certarnen
283 431 312 481 et
323 427 440 495 gloriae3
457 445 491 481 er
504 445 558 497 quo
578 428 734 482 inimicitias
753 434 886 484 maximas
900 448 985 500 saepe

128 505 201 558 inter
213 503 390 557 amicissimos
405 504 550 558 exstitisse.
587 512 627 560 35.
646 505 748 573 Magna
767 507 850 559 etiam
868 507 984 561 discidia

129 584 159 634 ct
170 580 331 649 plerumque
339 578 417 647 justa
429 580 510 648 nasci,
526 598 610 651 quum
629 582 733 649 aliquid
747 582 782 635 ab
797 583 890 636 curicis
907 584 984 651 quod

128 660 233 710 rectum
246 673 300 708 non
317 660 391 710 esset
407 657 603 725 postularetur,
619 661 651 711 ut
663 661 712 711 aut
727 657 849 711 lihidinis
863 658 984 712 ministri

128 736 177 787 aut
188 731 331 801 adjutores
342 737 435 785 essent
447 732 483 785 ad
495 732 630 801 injuriam.
666 734 745 797 Quod
758 735 804 801 qui
816 738 984 803 recusarent,

128 808 252 879 quamvis
264 807 379 862 honeste
391 808 420 861 id
432 808 561 874 facerent,
577 808 626 877 jus
638 813 731 863 tamen
750 810 885 864 amicitiae
904 810 983 865 dese

91 915 92 918 =
127 902 189 939 rere
214 887 397 951 arguerentur
413 883 450 937 ab
467 884 500 937 iis
526 884 626 953 quibus
644 885 758 953 obsequi
776 886 879 940 nollent
889 908 896 950 ;
920 886 983 939 illos

128 964 228 1028 autem,
242 961 289 1029 qui
302 960 410 1028 quidvis
423 960 458 1013 ab
470 960 556 1013 amico
564 960 698 1015 auderent
707 961 855 1030 postulare,
863 962 983 1029 postula·

128 1038 202 1091 tione
215 1039 274 1106 ipsa
286 1036 411 1103 profiteri
423 1036 513 1089 omnia
524 1052 554 1089 se
572 1038 652 1089 amici
669 1053 750 1090 musa
767 1053 827 1091 esse
845 1038 981 1091 facturos:

128 1130 221 1167 eorum
241 1112 352 1180 querela
363 1113 529 1166 inveteratas
548 1129 602 1165 non
618 1113 700 1166 modo
718 1114 918 1168 familiaritates
936 1125 983 1168 ex-

129 1189 230 1256 stingui
243 1188 338 1255 solere,
351 1187 495 1262 sedetiam
516 1188 580 1241 odia
599 1189 676 1257 gigni
696 1190 868 1257 sempiterna.
906 1191 982 1243 Haec

24 1309 27 1317 .
128 1266 168 1318 ita
179 1264 266 1318 multa
276 1263 354 1333 quasi
369 1264 426 1317 fata
438 1263 598 1332 impendere
613 1266 741 1319 amicitiis
759 1270 791 1320 ut
808 1267 897 1320 omnia
920 1266 983 1319 sub

128 1341 267 1407 terfugere
287 1356 340 1392 non
359 1338 440 1392 modo
453 1339 603 1408 sapientiae
620 1340 670 1394 sed
689 1342 771 1394 etiam
783 1341 923 1396 felicitatis
940 1341 982 1394 di-

129 1422 204 1471 ceret
215 1417 266 1470 sihi
276 1416 370 1471 videri.

181 1494 234 1547 Xl.
253 1500 292 1547 36.
313 1492 494 1557 Quamobrem
508 1493 537 1546 id
548 1494 826 1562 primumvideamus,
845 1496 867 1547 si
882 1494 982 1563 placet,

129 1572 264 1638 quatenus
284 1586 360 1623 amor
380 1569 409 1621 in
428 1570 550 1623 amicitia
565 1571 695 1639 progredi
715 1571 823 1624 debeat.
858 1571 982 1636 Numsi

130 1646 288 1701 Coriolanus
297 1646 393 1699 habuit
406 1646 514 1713 amicos,
527 1646 600 1699 ferre
613 1651 709 1700 contra
717 1646 835 1714 patriam
848 1663 925 1699 arma
940 1647 982 1700 illi

129 1740 191 1777 cum
216 1722 358 1793 Coriolano
384 1721 558 1775 debueruutl
599 1722 673 1774 Num
702 1722 877 1775 Viscellinum
901 1722 995 1775 aurici·

128 1816 243 1866 reguum
262 1800 444 1866 appetentem,
463 1815 528 1850 num
548 1798 592 1866 Sp.
613 1798 745 1852 Maelium
762 1798 918 1851 debuerunt
934 1798 981 1867 ju·

130 1892 196 1929 vare
209 1876 218 1928 l
254 1877 295 1930 37.
314 1872 352 1927 Ti.
365 1873 477 1941 quidem
490 1874 642 1927 Gracchum
656 1874 863 1943 rempublicam
883 1891 983 1928 vexan-

129 1957 185 2006 tem
210 1968 226 2003 a
252 1950 282 2013 Q.
305 1948 448 2003 Tuberone
467 1950 682 2019 aequalibusque
702 1950 795 2003 amicis
820 1951 982 2005 derelictum

128 2027 297 2081 videbamus,
334 2028 376 2079 At
395 2027 424 2080 G.
440 2026 564 2079 Blossius
588 2027 724 2080 Cumanus
744 2027 842 2095 hospes
862 2028 982 2083 familiae

129 2110 244 2171 vestrae,
265 2102 401 2169 Scaevola,
423 2120 508 2171 quum
520 2104 556 2155 ad
568 2120 613 2156 me
625 2102 673 2171 qui
681 2104 797 2167 aderam
817 2104 932 2157 Laenati
951 2107 982 2159 et

130 2181 240 2249 Rupilio
252 2179 406 2233 considibus
415 2180 443 2233 in
456 2180 567 2233 consilio
579 2179 755 2248 deprecatum
767 2180 895 2246 venisset,
913 2180 983 2235 hane

128 2261 160 2311 ut
184 2256 236 2309 sibi
261 2256 430 2323 ignoscerem
453 2271 563 2308 causam
584 2256 725 2323 afferebat,
749 2256 823 2324 quod
846 2257 915 2310 tanti
941 2258 982 2311 it.

130 2332 282 2387 Gracchum
294 2331 405 2384 fecisset
416 2334 448 2384 ut
461 2331 596 2399 quidquid
609 2332 654 2385 illc
667 2332 750 2385 vellet
762 2333 814 2385 sibi
826 2332 981 2387 faciendum

129 2412 246 2479 putaret.
283 2407 351 2459 Tum
373 2423 431 2474 ego,
445 2406 579 2472 Etiamne,
597 2408 740 2477 [inquam]
761 2410 784 2462 si
805 2413 834 2463 te
853 2409 882 2461 in
902 2409 982 2476 Gapi-

129 2486 225 2540 tolium
243 2483 316 2537 faces
334 2483 407 2535 ferre
426 2483 529 2537 velletl
565 2484 720 2553 Nunquam,
734 2485 830 2555 inquit,
848 2485 981 2539 voluisset

128 2563 158 2614 id
184 2560 303 2629 quidem.
339 2558 403 2625 Sed,
430 2558 452 2611 si
475 2559 625 2613 voluisset?
664 2560 828 2615 Paruissem.
870 2561 982 2614 Videtis

129 2655 211 2706 qnam
223 2635 327 2689 nefaria
346 2652 405 2689 vox.
441 2636 478 2689 Et
494 2636 587 2689 herclc
605 2636 646 2689 ita
661 2637 737 2701 fecit,
758 2637 800 2691 vel
817 2637 880 2705 plns
897 2637 981 2690 etiam

128 2730 209 2782 qnam
221 2712 306 2776 dixit3
322 2711 461 2765 nonenim
475 2711 567 2779 paruit
586 2711 632 2764 ille
652 2712 690 2764 Ti.
704 2712 818 2766 Gracchi
831 2713 981 2766 temeritati

129 2789 179 2842 sed
190 2788 317 2857 praefuit,
329 2804 379 2841 nec
399 2804 428 2841 se
449 2788 576 2841 comitem
595 2787 668 2840 illius
686 2788 787 2841 furoris
813 2788 862 2841 sed
883 2788 981 2841 ducem

128 2864 263 2935 praebuit.
301 2865 400 2933 ltaque
412 2864 463 2917 hac
475 2864 602 2929 amentia,
616 2865 776 2932 quaestione
788 2881 858 2917 nova
875 2867 981 2931 perter-

129 2944 207 3008 ritae,
217 2944 245 2993 in
259 2940 354 2993 Asiam
375 2940 504 3008 profugit,
521 2940 556 2991 ad
576 2940 670 2992 hostes
688 2956 718 2993 se
738 2940 860 3006 contulit,
879 2956 982 3006 poenas

129 3018 169 3071 rei
182 3016 306 3085 publicae
318 3032 415 3082 graves
423 3014 570 3083 justasque
582 3014 719 3083 persolvit
755 3016 780 3067 N
783 3016 838 3068 nlla
845 3021 888 3068 cst
896 3015 982 3080 igitur

130 3092 268 3149 excusatio
285 3091 390 3159 peccati
402 3090 426 3142 si
443 3091 522 3143 amici
539 3106 621 3143 causa
636 3091 790 3157 peccaveris
802 3112 807 3154 ;
821 3107 883 3143 nom
896 3106 980 3157 quum

130 3166 299 3225 conciliatrix
314 3165 451 3221 amicitiae
470 3166 582 3221 virtutis
598 3165 688 3234 opinio
704 3166 796 3233 fuerit,
811 3165 919 3219 difficile
937 3168 981 3220 est
