2242 3542
138 154 193 200 '164
461 154 510 201 DE
528 154 681 205 oratoris

116 301 119 305 ²
145 241 209 289 stas.
247 237 318 289 Cum
333 242 427 289 autem
439 237 469 289 in
484 237 616 307 amicitia,
628 254 698 307 quae
712 239 830 292 honesta
846 256 903 292 non
918 246 988 309 sunt,

144 317 370 385 postulabuntur,
384 317 484 387 religio
504 323 532 370 et
548 318 619 371 fides
637 324 824 387 anteponatur
843 320 990 375 amicitiae,

146 397 191 448 Sic
213 397 363 449 habebitur
387 398 418 464 is,
439 415 521 467 quem
547 400 726 471 exquirimus,
747 401 873 453 delectus
898 401 989 455 officii.

144 478 194 530 XI.
223 478 279 530 Sed
304 478 437 530 utilitatis
462 479 556 547 speeie
581 480 612 531 in
639 497 668 532 re
692 481 807 549 publica
832 482 991 551 saepissime

144 566 285 626 peccatur,
300 565 332 611 ut
350 560 381 611 iu
398 560 527 612 Corinthi
547 561 753 615 disturbatione
772 563 873 616 nostri:
895 564 991 617 durius

144 640 230 692 etiarn
251 641 446 706 Athenienses,
467 642 517 709 qui
544 642 685 695 sciverant
711 650 743 695 ut
767 644 921 713 Aeginetis,
943 646 991 714 qui

144 721 232 772 classe
251 722 393 789 valebant,
409 722 527 791 pollices
546 723 781 791 praeciderentur.
819 726 882 777 Hoc
900 725 991 779 visum

144 808 186 853 est
199 801 282 853 utile:
302 802 387 853 nimis
400 803 477 855 enim
493 804 659 857 imminebat
671 810 787 873 propter
799 806 991 875 propinquita-

144 888 201 934 tem
216 882 328 951 Aegina
346 883 471 937 Piraeeo.
511 884 567 936 sed
587 884 660 936 nihil
680 886 757 951 qaod
777 886 888 937 crudele
906 887 990 939 utile:

144 970 187 1015 est
199 964 274 1015 euim
284 964 431 1016 hominum
445 972 568 1031 naturae,
578 982 662 1032 quam
676 966 755 1034 sequi
766 966 991 1034 debernus,1nax-

144 1046 199 1097 ime
218 1046 334 1097 inimica
352 1046 509 1099 crudelitas.
548 1049 592 1099 47.
612 1047 686 1099 Malo
703 1046 786 1098 etiam
803 1047 851 1116 qui
871 1049 991 1117 peregri-

144 1143 196 1178 nos
209 1127 327 1178 urbibus
340 1126 382 1178 uti
396 1128 547 1198 prohibent
560 1144 662 1196 eosque
677 1128 872 1195 exterminant,
880 1135 912 1181 ut
921 1130 991 1181 Pen-

145 1223 197 1259 nus
216 1207 293 1275 apud
308 1213 401 1276 putres
420 1215 538 1273 nostros,
552 1208 658 1277 Papius
676 1224 772 1277 nuper.
811 1210 884 1261 Nam
898 1213 992 1263 “nean

145 1302 204 1340 rao
223 1302 293 1339 erun
312 1303 365 1350 qur
384 1303 461 1341 ervis
479 1304 539 1341 uon
559 1290 628 1341 s1r'’
643 1298 750 1341 rectum
769 1297 882 1342 estnon
900 1290 991 1357 licere,

146 1385 229 1436 quam
244 1372 334 1439 legem
348 1372 472 1422 tulerant
485 1370 685 1439 sapientissimi
699 1372 825 1423 consules
837 1376 951 1424 Crassus
964 1380 992 1425 et

145 1452 294 1504 Scaevola:
320 1468 371 1504 usu
391 1468 458 1504 vcro
478 1452 554 1505 urbis
573 1452 721 1521 prohibere
741 1452 904 1521 peregrinos
926 1469 991 1505 sane

145 1532 330 1583 inhumanum
343 1538 392 1585 est.
430 1533 484 1585 Illa
508 1534 660 1601 praeclara,
679 1533 709 1583 in
734 1532 837 1601 quibus
861 1534 990 1601 publicae

145 1611 278 1665 utilitatis
296 1612 402 1681 species
421 1629 486 1681 prae
504 1614 651 1665 honestate
670 1612 865 1667 contemnitur.
903 1614 991 1665 Plena

146 1695 337 1761 exemplorum
360 1698 402 1746 est
422 1699 516 1745 nostra
537 1694 717 1761 respublica
742 1710 805 1746 cum
828 1710 909 1762 saepe
930 1700 991 1747 tum

145 1774 265 1825 maxime
283 1774 356 1826 bello
371 1774 479 1827 Punico
495 1776 627 1840 secunda,
639 1791 710 1842 quae
726 1775 865 1827 Cannensi
880 1776 991 1828 calami·

145 1863 203 1907 tate
225 1861 341 1924 accepta
362 1855 480 1910 maiores
502 1856 611 1910 animos
633 1856 733 1907 habuit
753 1872 836 1924 qaam
858 1872 992 1924 umquam

146 1937 228 1988 rebus
241 1936 379 1989 secundis.
418 1937 504 1988 Nulla
517 1936 626 1989 timoris
640 1936 817 2005 significatio,
826 1938 904 1989 nulla
916 1954 992 1989 men-

147 2016 186 2069 tio
202 2017 287 2086 pacis.
326 2018 417 2068 Tanta
430 2016 473 2068 vis
488 2025 530 2069 est
545 2016 664 2084 honesti,
678 2023 709 2069 ut
724 2017 845 2085 speeiem
860 2017 993 2071 utilitatis

145 2098 283 2150 obscuret.
320 2099 363 2151 48.
384 2097 569 2149 Athenienses
597 2114 659 2149 curn
684 2100 830 2150 Persarum
854 2098 992 2167 impetum

145 2179 224 2229 nullo
244 2179 331 2229 nrodo
351 2184 464 2246 possent
483 2178 617 2232 sustinere
638 2184 855 2246 statuerantque,
872 2186 904 2231 ut
922 2179 992 2232 urbe

146 2259 244 2311 relicta
259 2259 428 2327 coniugibus
447 2264 475 2311 et
491 2259 587 2311 liberis
602 2260 741 2311 Troezene
756 2259 892 2328 depositis
907 2276 993 2312 naves

146 2341 365 2391 conscenderent
377 2339 592 2408 libertatemque
609 2341 740 2393 Graeciae
758 2342 844 2393 classe
860 2340 992 2393 defende·

134 2427 215 2486 rent,
227 2420 364 2487 Cyrsilum
378 2421 527 2487 quemdam
544 2422 718 2489 suadentem,
728 2427 760 2473 ut
771 2422 802 2474 in
815 2422 883 2474 urbe
899 2438 992 2475 mane-

146 2507 207 2553 rent
220 2502 397 2567 Xerxemque
410 2501 729 2570 1·eciperent,lapidibus
744 2502 903 2555 obruerunt.
941 2503 992 2555 At-

146 2598 200 2647 que
215 2582 264 2633 ille
283 2580 434 2633 utilitatem
454 2581 532 2648 sequi
549 2582 709 2647 videbatur,
723 2582 772 2634 sed
788 2600 820 2635 ea
838 2583 916 2634 nulla
933 2591 993 2635 erat

145 2669 319 2730 repugnante
342 2662 496 2715 honestate.
533 2664 576 2714 49.
597 2661 799 2715 Themistocles
822 2670 886 2732 post
904 2662 992 2716 vieto-

147 2742 214 2795 riam
228 2742 287 2795 eius
299 2743 375 2810 belli,
386 2743 463 2811 quod
476 2760 540 2796 curn
552 2744 645 2796 Persis
655 2743 717 2808 fuit,
729 2744 804 2796 dixit
816 2744 846 2796 in
859 2745 992 2798 contione

147 2839 175 2873 so
190 2823 291 2875 habore
308 2824 456 2875 consilium
472 2825 512 2876 rei
526 2824 657 2892 publicae
674 2826 801 2892 salutare,
816 2826 865 2877 sed
880 2824 912 2877 id
925 2826 991 2878 sciri

147 2918 203 2953 non
222 2919 293 2972 opus
311 2920 384 2955 esse:
403 2906 558 2972 postulavit
577 2911 608 2956 ut
627 2905 749 2973 aliquem
769 2906 891 2973 populus
910 2907 992 2959 daret
1072 2900 1076 2906 ’
1108 2886 1109 2951 i

147 2984 261 3049 quicum
288 2984 512 3037 communicaret.
550 2986 641 3037 Datus
666 2992 708 3036 est
728 2985 876 3039 Aristides.
914 2986 992 3040 Huic

147 3062 202 3128 ille,
218 3064 333 3115 classem
353 3065 646 3131 Lacedaemoniorum,
664 3080 736 3132 quae
758 3067 897 3119 subducta
918 3071 992 3123 esset

146 3143 184 3193 ad
198 3144 347 3211 Gytheum,
358 3146 429 3197 clam
445 3145 560 3198 incendi
574 3161 664 3211 posse,
675 3161 732 3211 quo
743 3145 819 3199 facto
832 3146 926 3217 frangi
938 3149 990 3202 La·
