2242 3542
130 168 178 219 lac
439 164 490 215 DE
507 163 659 217 osricus

129 255 171 306 99.
187 252 234 304 Illi
243 267 309 305 vero
322 267 380 303 non
389 252 474 304 modo
484 268 548 305 cum
557 251 694 320 hostibus,
703 265 799 305 verum
812 250 897 307 etiam
907 267 971 307 cum

127 334 267 402 fluctibus,
286 333 318 385 id
338 334 416 400 quod
438 332 513 400 fecit,
532 332 667 387 dimicare
691 332 790 388 melius
811 333 866 390 fuit
888 350 972 403 quam

128 416 254 468 deserere
273 413 492 467 consentientem
507 414 654 467 Graeciam
672 414 709 468 ad
723 415 829 467 bellum
845 415 973 469 barbaris

127 494 312 548 inferendum.
342 494 408 548 ’8οά
421 494 582 547 omittamus
594 498 622 547 et
631 494 739 547 fabulas
751 499 780 547 et
789 500 918 549 externa:
934 498 971 549 ad

127 593 185 629 rem
199 576 305 629 factam
322 581 501 643 nostramque
515 574 670 629 veniamus.
707 575 745 627 M.
758 574 864 629 Atilius
879 578 972 646 Regu-

126 658 179 726 lus,
198 673 262 710 cum
283 658 380 709 consul
400 656 501 708 iterum
523 656 553 707 in
573 655 666 707 Africa
688 671 722 709 ex
742 655 854 709 insidiis
872 663 973 727 captus

30 788 34 798 ,
127 743 199 791 esset
215 738 288 791 duce
307 736 474 806 Xanthippo
494 735 725 803 Lacedaemonio,
740 736 906 806 imperatore
925 755 971 791 au·

127 825 184 871 tem
196 823 275 888 patre
287 817 454 871 Hannibalis
467 816 635 884 Hamilcare,
646 817 753 869 iuratus
765 818 865 871 missus
879 823 921 871 est
933 820 971 873 ad

127 904 263 967 senatum,
274 903 314 966 ut,
325 898 381 951 nisi
396 896 502 950 redditi
519 901 610 949 essent
625 896 728 951 Poenis
742 898 848 967 captivi
862 898 973 952 nobiles

128 978 252 1047 quidam,
267 979 371 1031 rediret
392 978 453 1047 ipse
471 978 684 1047 Karthaginem.
721 980 750 1033 Is
770 994 834 1033 cum
853 980 971 1035 Romam

127 1060 255 1126 venisset,
269 1060 400 1113 utilitatis
413 1059 535 1128 speciem
545 1059 670 1128 videbat,
679 1060 730 1113 sed
743 1065 856 1124 camut
868 1074 911 1113 res
924 1062 972 1114 de-

127 1141 225 1208 clarat,
243 1140 342 1193 falsam
364 1140 518 1193 iudicavit:
537 1157 609 1208 quae
631 1145 689 1194 erat
708 1140 788 1193 talis:
808 1157 920 1195 manere
941 1141 972 1194 in

126 1221 233 1291 patria:
252 1220 422 1274 esscdomui
436 1236 503 1274 suae
515 1237 580 1274 cum
594 1236 689 1289 uxore,
700 1236 764 1275 cum
775 1220 879 1290 liberis,
888 1238 973 1291 quam

127 1302 316 1355 calamitatem
336 1300 490 1371 accepisset
507 1301 538 1353 in
556 1302 640 1371 bello,
654 1316 831 1355 communem
844 1303 973 1357 fortunae

127 1383 245 1437 bellicae
264 1383 440 1436 iudicantem
458 1388 553 1435 tenere
572 1382 725 1435 consularis
741 1382 890 1453 dignitatis
911 1399 973 1452 gra-

126 1466 204 1518 dum.
241 1464 311 1531 Quis
332 1464 402 1517 haec
424 1469 510 1533 negat
527 1479 586 1515 esse
606 1463 708 1517 utiliat
745 1463 835 1529 Quem
857 1466 973 1518 censesi

127 1545 297 1615 Magnitudo
310 1545 398 1598 animi
408 1551 436 1598 et
448 1545 587 1597 fortitudo
600 1548 692 1615 negat.

163 1628 281 1682 XXVH.
319 1630 379 1681 100.
399 1628 475 1680 Num
489 1626 686 1695 locupletiores
701 1625 810 1695 quaeris
825 1628 972 1681 auctorest

128 1709 234 1761 Harum
247 1706 322 1760 enim
334 1711 377 1759 est
391 1706 529 1759 virtutum
541 1706 687 1777 proprium
699 1706 773 1759 nihil
785 1706 972 1775 extimescere,

127 1788 222 1842 omnia
238 1790 360 1841 humana
375 1787 525 1857 despicere,
539 1788 612 1840 nihil
627 1787 705 1855 quod
719 1788 829 1841 homini
847 1788 974 1843 accidere

127 1870 217 1940 possit
229 1868 438 1923 intolerandum
449 1873 556 1937 putare.
593 1870 693 1937 Itaque
706 1869 777 1938 quid
786 1868 872 1923 fecitl
891 1868 920 1921 in
933 1885 974 1922 se-

127 1950 226 2016 natum
238 1951 325 2019 venit,
339 1951 473 2003 mandata
487 1949 627 2019 exposuit,
638 1950 805 2003 seutentiam
819 1966 854 2002 ne
868 1950 974 2003 diceret

128 2032 274 2101 recusavit,
291 2048 375 2100 quam
394 2031 445 2083 diu
463 2030 524 2082 inre
542 2030 663 2083 iurando
682 2030 807 2083 hostium
825 2035 973 2098 teneretur,

127 2129 185 2166 non
198 2130 256 2167 esse
271 2130 299 2166 se
314 2112 494 2165 senatorem.”
530 2111 626 2179 Atque
637 2110 710 2163 illud
723 2110 892 2164 etiam—“O
906 2112 973 2163 stul·

128 2201 189 2248 tum
213 2194 379 2248 hominem'’
401 2191 506 2246 dixerit
529 2192 671 2262 quispiam
693 2194 746 2245 “et
770 2196 974 2262 repugnantem

129 2275 249 2328 utilitati
270 2272 501 2327 suael”-reddi
522 2272 658 2342 captivos,
673 2272 789 2341 negavit
808 2288 866 2325 esse
888 2272 973 2327 utile:

129 2356 217 2409 “illos
235 2355 310 2408 enim
329 2355 519 2407 adolescentes
537 2370 595 2407 esse
614 2358 642 2407 et
656 2354 746 2406 bonos
761 2354 855 2422 duces,
868 2368 897 2406 ae
915 2354 974 2407 iam

129 2436 287 2489 confectum
310 2436 477 2489 senectute.”
515 2435 602 2488 Cuius
621 2449 685 2488 cum
702 2434 837 2487 valuisset
855 2434 975 2499 auctori-

129 2523 179 2584 tas,
189 2514 296 2585 captivi
305 2515 407 2567 retenti
419 2519 492 2582 sunt,
500 2515 559 2585 ipse
570 2515 776 2585 Karthaginem
787 2514 873 2568 rediit
883 2531 976 2582 neque

129 2613 192 2648 curn
208 2595 309 2649 caritas
322 2594 428 2664 patriae
443 2595 558 2647 retinuit
570 2612 622 2647 nec
637 2611 758 2648 suorum.
795 2596 894 2664 Neque
906 2610 975 2647 vero

128 2683 189 2729 tum
204 2676 354 2745 ignorabat
369 2692 398 2729 se
416 2676 454 2729 ad
469 2675 692 2729 crudelissimum
708 2676 817 2729 hostem
832 2681 861 2729 ct
876 2676 912 2729 ad
927 2690 974 2727 ex-

130 2756 235 2823 quisita
253 2756 393 2825 supplicia
408 2755 555 2825 proficisci,
569 2758 619 2810 sed
633 2756 678 2809 ius
696 2756 847 2809 iurandum
866 2771 974 2808 conser-

131 2837 254 2888 vandum
265 2836 392 2905 putabat.
428 2837 529 2904 Itaque
541 2841 610 2906 tum,
619 2853 683 2889 cum
695 2834 844 2905 vigilando
856 2836 974 2888 necaba-

130 2919 183 2981 tur,
192 2920 251 2967 erat
260 2916 290 2967 in
302 2916 415 2968 meliore
429 2932 511 2969 causa
521 2933 606 2985 quam
618 2916 641 2969 si
652 2916 731 2968 domi
743 2932 827 2969 senex
836 2916 974 2985 captivus,
992 2910 997 2917 '

129 2994 257 3062 periurus
274 2996 427 3048 consularis
446 2997 627 3051 remansisset.
666 2997 725 3049 101.
740 2998 755 3025 ‘⁴
763 2997 802 3049 At
816 2998 910 3065 stulte,
924 2998 974 3065 qui

130 3089 187 3125 nou
204 3074 289 3127 modo
304 3092 361 3127 non
376 3076 515 3129 censuerit
530 3077 657 3146 captivos
672 3076 863 3145 remittendos,
876 3093 974 3130 verum

131 3152 215 3205 etiam
230 3153 419 3208 dissuaserit.”
457 3156 620 3221 Quomodo
635 3156 739 3209 stultat
755 3157 883 3222 etiamne,
895 3157 918 3209 si
934 3157 973 3209 rei
