2242 3542
272 138 361 185 onvo
380 103 514 187 uranon,
549 139 626 186 car.
646 139 742 187 xnn.
762 140 873 189 xxm.
968 145 997 193 27

153 220 215 285 sint,
245 236 329 288 quum
359 236 389 273 se
417 220 497 289 plane
526 220 648 288 corporis
671 220 785 273 vinculis
809 221 999 277 relaxaverint.

153 294 251 365 Quare,
270 296 292 348 si
310 295 377 349 hacc
394 297 434 349 ita
450 299 521 362 sunt,
539 296 578 349 sic
596 313 640 349 me
652 296 763 350 colitote
778 301 810 351 ut
826 298 916 353 deum.
953 300 999 353 Sin

152 388 206 424 nna
229 375 272 425 cst
295 372 457 425 interiturus
481 373 587 425 animus
610 389 672 426 cnm
696 390 815 442 corpore,
837 392 885 428 ves
907 381 1001 431 tamen

151 446 218 501 deos
232 452 367 513 verentes,
381 448 426 515 qui
437 448 506 501 hunc
522 465 630 502 omnem
642 450 874 517 pulchritudinem
888 457 1001 506 tuentur

151 527 180 576 et
203 527 311 591 regunt,
335 525 493 577 memoriam
518 526 606 578 nostri
629 527 675 593 pie
702 526 887 596 inviolateque
911 538 1020 582 serva!

151 598 238 653 erasa
1006 584 1025 624 a

202 676 315 730 XXIII.
353 682 394 730 82.
413 678 499 745 Cyrus
516 678 628 746 quidem
646 679 713 733 haec
733 681 857 734 moriens.
895 682 958 750 Nos,
978 684 1000 739 si

150 751 246 819 placet,
264 757 357 805 nostra
377 753 525 807 videamus.
562 754 651 806 Nemo
669 772 789 823 uuquam
807 757 881 820 mihi,
904 758 1000 825 Scipio,

109 841 112 846 ·
149 828 326 895 persuadebit
346 832 394 881 aut
415 832 521 896 patrem
541 834 619 883 tuum
637 830 767 895 Paullum,
787 837 835 885 aut
852 832 921 885 deos
936 850 999 887 avos

151 903 275 957 Paullum
283 908 312 957 et
322 905 487 972 Africanum,
497 909 545 958 aut
552 905 675 958 Africani
682 910 797 974 patrem,
806 912 855 962 aut
864 912 999 977 patruum,

149 983 197 1032 aut
216 980 316 1033 multos
335 984 507 1047 praestantes
526 981 599 1034 viros
618 998 686 1049 qnos
705 999 865 1037 enumcrare
884 1002 938 1037 non
957 990 999 1039 est

148 1072 267 1123 necesse,
279 1060 358 1109 tanta
375 1074 435 1111 esse
454 1062 565 1111 conatos
583 1075 654 1126 qnae
668 1059 704 1112 ad
717 1060 887 1127 posteritatis
899 1077 995 1115 memo·

149 1131 217 1184 riam
229 1134 409 1200 pertinerent,
428 1134 480 1187 nisi
496 1135 587 1187 animo
599 1138 743 1188 comerent
754 1137 946 1204 posteritatem
962 1138 997 1191 ad

149 1224 178 1261 se
197 1210 344 1277 pertinere.
380 1212 425 1263 An
446 1227 547 1277 censes,
566 1214 598 1263 ut
613 1210 705 1264 deme
723 1212 783 1280 ipso
802 1212 907 1281 aliquid
922 1230 998 1267 more

149 1301 242 1337 senum
254 1286 363 1354 glorier,
382 1303 426 1340 me
444 1290 536 1340 tantos
550 1287 658 1340 labores
671 1287 783 1341 diurnos
796 1292 997 1357 nocturnosque

148 1359 221 1414 domi
235 1362 404 1431 militiaeque
423 1366 614 1431 suscepturum
631 1363 722 1431 fuisse,
742 1364 765 1416 si
782 1364 879 1417 iisdem
898 1365 997 1418 finibus

147 1436 260 1503 gloriam
290 1455 377 1492 meam
412 1434 511 1507 uiribus
541 1439 627 1491 vitam
659 1456 747 1493 essem
781 1440 996 1495 terminaturusl

116 1544 119 1549 ·
148 1512 244 1567 Nonne
256 1515 353 1568 melias
365 1516 451 1583 multo
463 1515 560 1569 fuisset
573 1516 688 1569 otiosam
701 1520 820 1569 aetatem
834 1519 863 1568 ct
876 1516 996 1583 quietam
1008 1536 1016 1614 1

110 1625 116 1633 .
147 1589 205 1641 sine
222 1589 277 1642 ullo
295 1590 388 1645 labore
406 1595 435 1645 et
453 1591 628 1644 contentione
639 1592 802 1645 traduceret
838 1592 894 1645 Sed
906 1593 996 1645 nescio

147 1666 282 1732 quomodo
306 1668 411 1732 animus
435 1668 541 1735 erigens
566 1684 596 1721 se
615 1668 804 1735 posteritatem
828 1668 868 1721 ita
889 1684 996 1736 semper·

147 1742 328 1809 prospiciebat
340 1745 418 1813 qnasi
431 1760 514 1811 quum
527 1745 690 1798 excessisset
703 1760 719 1796 e
731 1745 789 1797 vita
799 1747 860 1798 tum
872 1744 995 1813 denique

86 1878 99 1895 Ι
146 1817 265 1871 victurus
278 1824 357 1873 esset.
395 1820 473 1884 Quod
486 1820 598 1887 quidem
610 1821 638 1872 ni
650 1821 690 1873 ita
702 1837 732 1873 se
742 1819 857 1874 haberet
869 1822 901 1872 nt
912 1820 994 1873 animi

144 1888 311 1951 immortales
321 1901 419 1964 essent,
427 1896 501 1949 haud
511 1897 608 1965 optimi
618 1896 751 1965 cujusque
758 1897 865 1949 animus
878 1896 995 1949 maximo

145 1968 180 2023 ad
198 1972 436 2037 immortalitatem·
454 1972 557 2039 gloriae
578 1973 721 2026 niteretur.
757 1977 799 2026 83.
819 1970 900 2037 Quid,
920 1971 993 2039 qnod

145 2047 357 2115 sapientissimus
371 2049 485 2117 quisque
504 2048 667 2115 aequissimo
685 2048 774 2100 animo
791 2048 914 2110 moritur,
927 2047 1012 2145 stul]

145 2123 265 2177 tissimus
286 2124 471 2192 iniquissimol
509 2123 606 2175 Nonne
625 2123 703 2175 vobis
722 2122 832 2175 videtur
848 2123 953 2175 animus
971 2124 994 2177 is

145 2200 191 2266 qui
208 2200 269 2266 plus
286 2203 380 2252 cernat
399 2204 427 2251 et
446 2198 552 2267 longius
570 2199 664 2252 videre
683 2215 713 2251 se
730 2197 766 2250 ad
785 2197 897 2250 meliora
913 2199 993 2265 profi-

145 2274 222 2337 cisci;
242 2274 288 2328 ille
308 2279 400 2327 autern
420 2274 497 2342 cujus
518 2274 642 2327 obtusior
661 2274 697 2327 sit
716 2273 789 2327 acies
807 2289 860 2325 non
880 2272 993 2328 videret

144 2350 279 2419 Equidem
303 2351 401 2405 efferor
425 2350 516 2404 studio
540 2354 633 2419 patres
657 2354 762 2404 vestros
784 2366 852 2418 qnos
874 2348 944 2402 colui
965 2356 993 2404 et

143 2426 227 2480 dilexi
247 2427 372 2491 videndi;
390 2443 479 2496 neque
500 2442 565 2479 vero
586 2444 633 2480 eos
652 2425 738 2479 solum
759 2426 904 2479 convenire
926 2442 993 2479 aveo

144 2520 212 2571 quos
231 2504 289 2571 ipse
308 2503 428 2571 cognovi,
448 2501 576 2557 sedilios
594 2503 677 2556 ctiam
690 2502 725 2555 de
738 2501 838 2569 quibus
854 2501 946 2554 andivi
964 2505 993 2555 et

144 2578 197 2645 legi
209 2586 237 2632 et
248 2581 307 2647 ipse
320 2579 472 2647 conscripsi.
500 2578 571 2642 'Quo
590 2579 700 2647 quidem
719 2595 763 2630 me
775 2578 993 2646 proficiscentem

144 2654 217 2707 haud
229 2672 293 2709 sane
306 2656 367 2725 quis
378 2656 455 2709 facilc
468 2656 622 2721 retraxerit,
634 2671 723 2724 neque
736 2658 876 2723 tamquam
890 2654 993 2706 Peliam

144 2732 286 2786 recoxorit.
323 2732 401 2796 Quod
420 2732 442 2783 si
463 2732 524 2801 quis
540 2731 608 2784 deus
624 2731 690 2783 mihi
703 2730 835 2798 largiatur
847 2734 879 2782 ut
892 2746 927 2800 ex
943 2730 993 2783 hae

143 2812 235 2861 aetate
246 2824 435 2875 repuerascam
454 2810 483 2860 et
499 2808 527 2860 in
545 2808 621 2860 cunis
634 2807 747 2875 vagiam,
761 2806 840 2859 valde
853 2823 993 2871 recusem3

71 2899 77 2909 „
144 2900 193 2936 nec
205 2901 268 2938 vero
282 2884 360 2937 velim
375 2886 451 2953 qnasi
471 2884 586 2936 decurso
602 2884 691 2951 spatio
708 2882 743 2935 ad
755 2898 878 2935 carceres
891 2900 907 2935 a
920 2884 993 2937 calce

144 2961 270 3013 revocari.
306 2965 348 3013 84.
375 2960 446 3023 Quid
468 2960 539 3011 enlm
562 2958 647 3011 habet
670 2959 727 3011 vita
747 2958 899 3011 commedit
925 2958 992 3027 qnid
1064 2982 1068 2985 ·

144 3032 197 3089 non
220 3036 311 3105 potius
334 3034 451 3088 laboris?
497 3035 551 3089 Sed
575 3034 676 3087 habeat
699 3050 777 3087 sane:
807 3034 892 3087 habet
916 3037 992 3087 certe

144 3118 235 3166 tamen
259 3115 307 3166 aut
331 3112 486 3165 satietatem
510 3114 558 3164 aut
583 3109 699 3162 modum.
735 3110 797 3162 Non
822 3110 898 3163 lubet
919 3110 991 3162 enim

144 3188 210 3242 mihi
234 3188 378 3257 deplorare
401 3188 492 3253 vitam,
518 3186 592 3257 quod
615 3185 695 3238 multi
718 3188 748 3239 et
769 3185 789 3239 ii
810 3185 884 3239 docti
910 3201 991 3253 saepe
