2242 3542
126 138 156 185 20
349 138 386 185 M.
405 136 531 185 TULLII
549 134 739 183 CICERONIS

177 216 271 271 XVII.
291 225 330 273 59.
350 218 453 271 Multas
465 218 501 271 ad
513 233 557 270 res
570 217 703 284 perutiles
713 214 902 283 Xenophontis
910 213 978 269 libri

127 296 196 363 sunt,
216 310 284 363 quos
305 296 396 362 legite,
418 310 527 361 quaeso,
549 292 679 359 studiose,
699 297 732 345 ut
751 292 850 345 facitis.
887 290 978 355 Quam

126 371 231 439 copiose
243 370 322 424 abeo
335 371 502 439 agricultura
514 369 644 423 laudatur
656 369 685 421 iu
697 385 729 422 ee
741 367 812 421 libro
825 368 871 435 qui
884 370 927 420 est
939 367 978 421 de

126 447 227 500 tuenda
241 464 270 499 re
287 446 421 513 familiari,
435 447 481 515 qui
500 445 696 499 Oeconomicus
713 443 885 497 inscribitur!
924 445 979 498 Aa

126 540 177 591 que
190 526 222 577 ut
239 519 400 590 intelligatis
417 522 482 574 nihil
497 522 522 575 ei
539 526 596 575 tam
612 522 704 589 regale
716 520 804 573 videri
821 537 903 589 quam
917 524 977 575 stu-

113 599 199 668 dium
220 600 278 666 agri
299 600 412 665 colendi,
434 599 560 652 Socrates
580 598 609 651 in
630 614 664 651 eo
681 597 753 650 libro
772 597 895 665 loquitur
912 615 976 651 cum

125 675 274 742 Critobulo,
289 675 389 743 Cyrum
404 675 544 740 minorem,
557 691 651 741 regem
665 671 819 738 Persarum,
835 678 976 740 praestan-

125 755 179 805 tem
191 752 300 819 ingenio
312 754 396 819 atquc
411 750 519 818 imperii
534 750 628 817 gloria,
642 766 726 817 quum
742 749 882 817 Lysander
894 750 976 803 Lace
1053 783 1057 786 ἡ

124 828 281 881 daemonius
295 828 337 881 vir
354 844 476 880 summae
488 826 599 879 virtutis
612 828 731 879 venisset
747 826 784 879 ad
795 830 863 879 eum
880 827 975 880 Sardis

124 904 203 973 eique
220 905 291 959 dona
309 922 324 958 a
341 905 419 958 sociis
437 902 584 968 attulisset,
597 907 627 955 et
643 902 741 955 ceteris
759 903 787 955 in
805 902 887 955 rebus
903 919 975 956 conr-

124 996 232 1035 muuem
251 999 316 1051 erga
335 982 505 1050 Lysandrum
523 983 607 1048 atque
625 980 778 1034 humanum
791 979 881 1046 fuisse,
901 984 931 1032 et
947 981 973 1032 ci

124 1058 259 1123 quendam
272 1061 448 1126 consaeptum
466 1072 561 1123 agrum
575 1056 722 1123 diligenter
736 1055 870 1108 consitum
883 1059 973 1108 osten·
1010 1113 1014 1119 ,

124 1132 203 1186 disse.
242 1134 330 1197 Quum
347 1136 440 1185 autem
455 1133 639 1185 admiraretur
656 1131 794 1199 Lysander
810 1134 839 1184 et
855 1133 973 1199 proceri—
1030 1131 1033 1137 ’

125 1212 196 1262 tates
220 1209 348 1263 arborum
369 1212 398 1261 et
420 1208 592 1261 directosin
613 1208 790 1275 quincuncem
813 1208 924 1261 ordines
943 1213 974 1261 et

124 1284 235 1338 humum
254 1284 395 1338 subactam
413 1288 497 1353 atque
514 1301 611 1351 puram
630 1287 659 1338 et
677 1285 840 1337 suavitatem
857 1284 972 1337 edorum

124 1362 171 1430 qui
190 1362 348 1415 afflarentur
367 1378 382 1415 e
401 1361 520 1427 floribus,
540 1365 600 1414 tum
620 1377 682 1414 eum
702 1360 811 1427 dixisse,
831 1361 924 1413 mirari
943 1378 973 1414 se

123 1455 175 1491 nen
194 1440 275 1492 modo
291 1438 460 1506 diligentiam
479 1437 528 1490 sed
545 1437 629 1489 ctiam
645 1437 793 1489 sollertiam
812 1436 872 1503 ejus
887 1452 904 1489 a
918 1454 973 1503 que

123 1521 214 1569 essent
226 1516 273 1569 illa
283 1516 406 1568 dimensa
418 1518 501 1582 atque
511 1512 645 1581 discripto
652 1534 659 1578 ;
675 1517 704 1566 et
715 1514 741 1566 ei
751 1513 851 1581 Cyrum
863 1528 972 1581 respon-

124 1592 210 1645 disse:
235 1592 322 1660 Atqui
337 1608 388 1659 ego
403 1590 493 1642 omnia
511 1589 566 1641 ista
584 1605 644 1641 sum
659 1589 814 1653 dimensus3
836 1590 890 1642 mei
908 1592 973 1641 sunt

123 1668 240 1734 ordines,
255 1684 315 1720 mea
327 1665 485 1734 discriptio;
503 1664 606 1717 multae
619 1666 701 1717 ctiam
716 1667 829 1719 istarum
844 1661 972 1719 arboriun

123 1759 184 1796 mea
197 1761 277 1796 manu
290 1746 353 1796 sunt
366 1746 447 1795 satae.
480 1742 548 1794 Tum
562 1741 733 1809 Lysandrum
745 1742 895 1795 intuentem
908 1759 973 1810 pur-

123 1834 219 1887 puram
236 1818 295 1887 ejus
312 1822 340 1871 et
357 1818 474 1871 nitorem
493 1816 813 1885 eorporis·or·natumque
832 1818 971 1871 Persicum

124 1896 209 1948 multo
229 1912 294 1948 auro
315 1894 463 1962 multisque
488 1894 604 1962 gemmis
624 1893 742 1959 dixisse;
768 1894 832 1947 Rite
850 1910 914 1946 vcro
934 1897 971 1960 te,

125 1972 200 2039 Cyre,
216 1971 326 2024 beatum
340 1971 439 2037 ferunt,
453 1970 580 2039 quoniam
596 1971 694 2024 virtuti
708 1975 773 2023 tuae
786 1970 896 2023 fortuna
911 1986 972 2023 con-

122 2046 216 2115 juncta
234 2050 282 2101 est.
319 2053 359 2101 60.
388 2046 446 2099 Hac
463 2046 548 2114 igitur
567 2047 677 2099 tortum
694 2047 747 2099 imi
764 2046 829 2099 licet
847 2045 972 2111 senibus;

124 2140 173 2177 nee
187 2126 261 2177 aetas
279 2124 393 2193 impedit
409 2140 462 2191 quo
477 2122 567 2175 minus
582 2126 611 2176 et
625 2126 778 2176 ceterarum
792 2139 884 2175 rerum
899 2127 927 2175 et
943 2124 971 2175 in

123 2200 216 2266 primis
231 2201 289 2268 agri
306 2199 411 2253 colendi
427 2198 518 2251 studia
533 2201 676 2252 teneamus
692 2199 828 2267 usquead
844 2199 970 2251 ultimum

124 2279 231 2343 tempus
244 2276 400 2329 senectutis.
438 2275 475 2327 M.
488 2275 600 2342 quidem
616 2275 753 2328 Valerium
766 2276 882 2328 Corvum
897 2292 972 2328 aece-

123 2352 211 2417 pimus
231 2352 266 2404 ad
286 2352 464 2404 centesimum
485 2367 585 2403 annum
606 2352 775 2419 perduxisse,
794 2368 877 2419 quum
899 2356 973 2406 esset
1001 2385 1004 2389 ·

124 2430 185 2479 acta
193 2426 252 2494 jam
264 2430 356 2480 aetate
367 2427 395 2478 in
409 2427 481 2493 agris
495 2443 596 2494 eosque
608 2428 724 2493 celeret;
741 2428 819 2496 eujus
833 2430 906 2481 iuter
918 2429 974 2495 pri-

124 2519 197 2555 mum
211 2506 239 2556 et
253 2507 362 2556 sextum
375 2501 544 2555 consulatum
561 2520 608 2555 sex
621 2508 650 2557 et
662 2504 846 2573 quadraginta
860 2505 922 2556 anni
935 2504 973 2556 in·

124 2579 285 2633 terfuerunt.
310 2579 355 2632 Ita
367 2581 500 2649 quantum
513 2581 633 2648 spatium
646 2582 746 2635 aetatis
757 2583 875 2650 majores
886 2580 971 2634 nostri
1038 2574 1041 2578 ’

124 2655 159 2708 ad
174 2656 321 2709 senectutis
340 2656 448 2709 initium
466 2673 526 2710 esse
543 2656 695 2725 volucrunt,
710 2663 804 2712 tantus
821 2658 860 2711 illi
878 2674 973 2711 cursus

124 2731 255 2784 honorum
274 2732 341 2797 fuit3
366 2737 450 2801 atque
470 2732 530 2801 ejus
550 2737 674 2788 extrema
693 2740 768 2789 aetas
791 2736 842 2789 hoc
866 2734 973 2789 beatior

124 2822 205 2873 quam
218 2808 315 2875 media,
328 2808 402 2875 quod
414 2809 586 2863 auctoritatis
597 2810 716 2865 habebat
727 2812 796 2879 plus,
808 2812 910 2865 laboris
924 2810 972 2861 mi«
1048 2822 1068 2847 '-

125 2899 183 2936 uus.
210 2884 290 2951 Apcx
303 2890 346 2936 est
358 2888 450 2937 autem
464 2886 611 2938 senectutis
624 2888 779 2939 auctoritas.
806 2893 847 2939 61.
866 2887 973 2949 Quanta

124 2957 177 3011 luit
196 2959 224 3010 in
245 2958 273 3011 L.
287 2959 404 3013 Caecilio
420 2960 546 3013 Metelle!
573 2965 675 3027 quanta
694 2962 722 3014 in
742 2962 830 3015 Atilio
848 2961 972 3013 Calatino
1074 2960 1079 2964 “

124 3034 152 3085 in
172 3051 253 3102 quem
268 3035 337 3087 illud
357 3035 474 3102 elogium
493 3036 617 3089 unicum:
644 3036 781 3089 Plurimae
801 3035 973 3088 consentiunt

126 3113 219 3173 gentes
231 3110 324 3177 populi
339 3110 500 3177 primarium
514 3110 600 3164 fuisse
612 3111 710 3163 virum.
746 3111 771 3163 N
774 3115 849 3163 otum
862 3115 905 3163 est
917 3126 973 3161 car-

126 3198 188 3236 men
206 3185 320 3239 incisum
338 3187 366 3238 in
384 3185 514 3255 sepulcro.
551 3186 622 3238 Jure
635 3187 720 3253 igitur
736 3186 827 3253 gravis
844 3185 922 3251 cujus
937 3184 973 3237 de
