2242 3542
106 147 137 193 32
333 143 370 190 M.
389 141 516 190 TULLII
535 141 724 189 CICERONIS
873 174 882 196 0

103 225 167 277 mali
183 225 312 278 accidisse
329 223 446 290 Scipioni
463 227 545 290 put03
568 223 634 275 mihi
650 222 750 275 accidit
764 223 788 275 si
802 223 871 291 quid
887 224 953 278 aeci·

104 300 153 354 dit.
190 301 251 354 Suis
264 304 355 352 autem
370 299 547 351 incommodis
560 299 680 364 graviter
693 299 754 364 angi
771 315 824 350 uon
839 299 955 353 amicum

104 377 153 430 sed
166 393 194 429 se
209 377 299 446 ipsum
310 376 428 430 amantis
440 378 491 433 est,
514 381 552 428 ll.
573 374 642 427 Cum
657 373 704 426 illo
716 390 780 425 vero
795 375 857 442 quis
874 381 956 444 neget

104 457 194 506 actum
208 467 267 504 esse
280 452 417 518 praeclare
428 454 434 504 1
471 451 531 503 Nisi
544 452 624 515 enim,
638 450 712 518 quod
727 450 774 503 ille
786 451 897 504 minime
909 471 958 520 pn-

105 529 190 593 tabat,
208 527 441 581 immortalitatem
455 531 550 595 optare
563 527 652 590 vellet,
667 526 734 594 quid
750 533 860 579 nonest
875 528 956 596 adep

106 609 150 657 tus
168 605 243 672 quod
261 604 362 655 homini
381 603 420 655 fas
437 607 510 656 essct
528 604 642 670 optaret
662 603 709 670 qui
728 619 860 655 summam
880 620 957 671 spem

105 681 210 745 civium,
224 696 305 748 quam
317 679 352 732 de
366 695 398 732 eo
407 679 465 745 jam
478 696 562 747 puero
578 678 738 746 habuerant,
753 681 881 732 continuo
894 680 958 732 ado

105 757 208 809 lescens
232 755 385 808 incredibili
406 756 509 808 virtute
533 756 687 823 superarit3
716 755 763 824 qui
787 755 957 808 consulatum

105 832 186 900 petiit
210 849 355 900 nunquam,
379 833 468 884 factus
491 835 533 884 est
553 832 646 884 consul
670 832 727 896 bis3
752 832 870 899 primum
892 828 958 885 ante

106 915 228 976 tempus;
252 909 353 961 iterum
372 908 422 961 sibi
442 924 490 960 suo
509 911 641 976 tempore,
661 907 701 961 rei
720 907 844 976 publicae
869 925 958 974 paene

106 1001 183 1049 sero;
201 985 248 1052 qui
265 985 371 1037 duabus
383 984 497 1036 urbibus
509 983 610 1036 eversis
626 985 815 1036 inimicissimis
831 984 893 1036 huic
910 985 956 1036 im-

107 1061 182 1128 perio
205 1077 260 1113 non
279 1061 359 1112 modo
380 1061 536 1127 praesentia
555 1077 650 1113 verum
670 1061 752 1112 etiam
771 1061 864 1113 futura
887 1060 959 1113 bella

107 1137 216 1190 delevit.
253 1136 325 1200 Quid
342 1135 429 1188 dicam
448 1135 482 1188 de
498 1136 620 1188 moribus
637 1137 779 1202 facillimis,
797 1135 833 1190 de
855 1136 960 1205 pietate

108 1213 136 1265 in
159 1217 283 1278 matrem,
310 1211 474 1264 liberalitato
498 1212 526 1264 in
553 1229 666 1278 sorores,
691 1213 813 1265 orniam
837 1213 865 1264 iu
889 1230 959 1282 suos,
977 1253 995 1266 μ

105 1288 215 1358 justitia
229 1289 257 1340 in
271 1289 381 1341 ornnes?
401 1287 473 1340 Nota
490 1294 552 1341 sunt
568 1289 651 1341 vobis,
689 1288 775 1352 Quam
791 1293 882 1341 autem
898 1289 960 1342 eivi-

110 1364 161 1418 tati
179 1381 256 1418 carus
273 1365 357 1418 111111
375 1381 497 1417 maerore
514 1364 618 1418 funeris
634 1365 784 1418 indicatum
801 1369 850 1418 est.
887 1365 960 1429 Quid

111 1441 195 1508 igitur
211 1441 282 1493 hunc
300 1457 447 1510 paucorum
465 1457 596 1493 annorum
614 1442 730 1494 accessio
743 1441 842 1509 juvare
859 1442 961 1508 potuis-

110 1519 170 1570 sotl
207 1518 337 1570 Senectus
353 1517 425 1570 enim
441 1518 564 1586 quamvis
578 1535 630 1570 non
647 1518 683 1570 sit
697 1521 796 1584 gravis,
807 1521 839 1570 ut
851 1517 961 1569 memini

112 1593 242 1646 Catonem
262 1611 330 1646 anno
350 1599 413 1646 anto
434 1609 514 1661 quam
534 1597 657 1647 mortuus
676 1600 718 1648 est
734 1611 840 1647 mecum
857 1599 960 1647 etcum

112 1670 235 1738 Scipione
248 1670 390 1734 disserere,
407 1673 498 1721 tamen
511 1669 600 1722 aufert
613 1688 672 1723 earn
686 1671 853 1724 viriditatem
867 1672 894 1722 in
908 1687 963 1737 qua

112 1745 267 1798 etiamnunc
291 1750 349 1799 erat
374 1745 469 1813 Scipio.
509 1751 546 1796 12.
574 1747 755 1810 Quamobrem
775 1747 831 1799 vita
851 1746 962 1814 quidem

111 1821 177 1874 talis
189 1821 242 1874 fuit
255 1821 297 1874 vel
309 1821 419 1874 fortuna
432 1823 473 1874 vel
486 1821 573 1889 gloria
585 1825 616 1874 ut
628 1821 695 1873 nihil
713 1825 808 1890 posset
822 1821 964 1874 accedere:

113 1897 247 1950 moriendi
263 1901 355 1950 autem
371 1915 478 1950 sensum
493 1898 618 1950 celeritas
633 1897 753 1951 abstulit.
792 1897 851 1960 Quo
866 1897 901 1950 de
916 1913 964 1964 gc-

71 1998 74 2005 ·
115 1967 180 2026 nere
192 1974 287 2026 mortis
300 1973 407 2026 difficile
417 1973 492 2026 dictu
505 1978 562 2038 est,
581 1975 648 2043 quid
660 1974 782 2026 homines
794 1973 965 2041 suspieentur

114 2049 221 2104 videtis.
262 2049 320 2102 Hoe
342 2065 406 2104 vere
423 2052 515 2102 tamen
536 2051 600 2102 lieet
621 2051 721 2118 dicere,
742 2049 771 2102 Ρ.
792 2049 909 2117 Scipioni
930 2067 965 2102 ex

115 2126 207 2178 multis
224 2125 320 2178 diebus
336 2142 403 2192 quos
421 2126 449 2177 in
464 2127 521 2179 vita
539 2126 731 2179 celeberrimos
748 2125 965 2194 laetissimosque

115 2201 216 2255 viderit
229 2201 305 2253 illurn
320 2200 394 2253 diem
409 2201 588 2254 clarissimum
602 2202 694 2267 fuisse,
710 2218 794 2269 quum
809 2201 911 2255 Senatu
926 2202 967 2255 di·
1049 2254 1052 2258 .

54 2311 65 2315 --
96 2278 197 2330 ·-miss0
223 2278 333 2333 domum
358 2276 488 2330 reductus
511 2278 547 2330 ad
568 2294 711 2345 vesperum
736 2283 779 2331 est
802 2295 819 2331 a
842 2277 967 2344 patribus

116 2353 283 2420 conscriptis,
308 2352 406 2419 populo
432 2352 562 2419 Itoirrano,
588 2354 666 2406 sociis
690 2356 720 2407 et
739 2353 852 2419 Latinis,
877 2355 967 2422 pridie

116 2446 199 2498 quam
214 2429 330 2480 excessit
346 2445 360 2480 e
375 2427 446 2493 vita3
469 2433 500 2481 ut
518 2446 552 2482 ex
570 2433 627 2482 tam
645 2430 701 2484 alto
720 2429 862 2496 dignitatis
879 2447 967 2497 gnam

117 2505 153 2558 ad
172 2520 283 2571 superos
303 2503 428 2557 videatur
446 2504 512 2557 deos
530 2506 717 2573 potiusquam
735 2507 771 2558 ad
789 2506 889 2559 inferos
907 2523 965 2574 per·

120 2582 232 2634 venisse.
717 2578 720 2581 ’

171 2657 219 2716 IV.
258 2663 297 2710 13.
322 2657 419 2724 Neque
438 2659 510 2712 enim
528 2659 662 2712 assentior
679 2659 713 2712 iis
731 2660 778 2726 qui
796 2659 863 2712 haec
881 2676 970 2727 nuper

117 2735 255 2787 disserere
264 2741 419 2801 coeperunt,
432 2752 493 2788 cum
506 2735 666 2803 corporibus
679 2735 758 2788 simul
771 2737 874 2789 animos
886 2735 970 2788 inter-

117 2813 158 2864 ire
177 2813 260 2878 atquo
280 2811 370 2864 omnia
384 2816 472 2864 morte
488 2810 582 2864 deleri.
620 2811 684 2864 Plus
699 2811 772 2880 apud
787 2829 831 2864 me
846 2811 969 2878 antiquo-

118 2904 177 2941 rum
191 2887 337 2941 auctoritas
345 2887 418 2939 valct
430 2887 471 2940 vel
485 2893 639 2941 nostrorum
650 2887 784 2955 majorum
795 2888 841 2955 qui
853 2888 970 2941 mortuis

118 2969 174 3018 tam
194 2964 320 3031 religiosa
335 2962 400 3028 jura
419 2963 583 3029 tribuerunt,
604 2965 677 3031 quod
696 2980 749 3016 nen
767 2963 895 3016 fecissent
909 2980 970 3032 pro-

118 3039 197 3105 fecte,
212 3041 233 3091 si
246 3040 312 3092 nihil
325 3039 361 3090 ad
374 3055 420 3090 eos
432 3040 572 3106 pertinere
584 3039 801 3104 arbitrarentur3
819 3040 861 3092 vcl
873 3055 970 3094 eorum

120 3117 166 3182 qui
188 3117 216 3167 in
234 3116 284 3168 hac
303 3118 378 3167 terra
397 3113 508 3167 fuerunt
526 3132 708 3184 magnamque
728 3115 878 3181 Graeciam,
899 3132 972 3183 quae

121 3207 190 3243 nunc
202 3190 313 3260 quidem
326 3188 418 3243 deleta
432 3193 474 3244 est
489 3193 554 3244 tunc
568 3189 691 3256 florebat,
704 3189 840 3243 institutis
852 3194 882 3244 et
894 3207 973 3259 prae
