2242 3542
309 159 399 207 CATO
417 158 550 206 MAJOR.
586 160 661 206 CAP.
680 159 763 206 XIII.
782 160 859 208 XIV.
975 165 1005 212 15

66 286 70 292 .
157 239 350 306 Coruncanius
364 239 411 308 qui
430 257 514 307 quum
527 257 561 292 ex
574 256 624 292 sua
639 240 703 304 vita,
716 244 776 293 tum
794 258 829 294 ex
847 240 907 309 ejus
923 258 1006 309 quem

156 315 217 369 dico
238 317 267 368 P.
287 316 363 368 Decii
383 316 456 369 facto
484 316 647 384 judicabant
672 333 732 370 esse
756 318 879 385 profecto
903 318 1007 384 aliquid

156 395 254 445 natura
275 391 417 460 pulchrum
442 397 525 460 atquc
546 393 715 460 praeclarum
742 393 817 460 quod
841 411 892 446 sua
910 397 1007 461 sponte

155 472 306 536 peteretur,
319 468 448 537 qnodque
460 473 553 537 spreta
566 472 595 522 et
613 473 770 536 contempta
782 469 925 538 voluptate
937 471 1006 538 opti-

156 561 216 597 mus
246 545 361 613 quisque
391 549 559 613 sequeretur.
597 551 637 597 44.
669 545 804 608 Quorsum
834 546 921 614 igitur
950 550 1027 617 tami

155 621 242 674 multa
254 621 290 674 de
302 622 462 689 voluptate?
499 621 569 685 Quia
581 638 634 674 non
652 621 734 674 modo
747 622 913 690 vituperatio
926 622 1007 688 nulla,

156 698 206 750 scd
218 698 300 750 etiam
313 714 418 750 summa
430 697 489 750 laus
502 697 651 750 senectutis
665 698 796 765 estquod
808 715 841 750 ea
853 698 1008 765 voluptates

88 781 90 784 '
156 773 244 826 nullas
256 790 354 840 magno
366 790 450 842 opere
462 772 610 827 desiderat.
642 776 683 826 At
695 779 771 827 caret
784 774 871 842 epulis
885 777 1008 827 exstruc-

49 885 69 921 ·.
156 851 247 917 tisquc
275 850 376 902 mensis
406 852 435 901 ct
464 849 655 917 frequentibus
685 850 796 917 poculis.
831 850 914 903 Caret
943 865 1008 916 ergo

52 959 56 966 ·
157 926 240 979 ctiam
255 925 404 978 vinolentia
423 930 452 978 et
466 925 604 978 cruditate
621 930 651 977 et
665 926 814 978 insomniis.
843 926 907 978 b'cd
920 926 943 977 si
960 925 1008 978 ali-

157 1001 225 1069 quid
237 1001 359 1053 dandum
371 1004 414 1053 est
427 1001 568 1067 voluptati,
582 1001 711 1069 quoniam
725 1000 785 1068 ejus
802 1001 943 1054 blanditiis
955 1017 1007 1053 non

82 1121 86 1126 .
157 1077 236 1131 facile
260 1077 425 1143 obsistimus,
445 1077 535 1129 divine
557 1078 632 1130 enim
658 1077 737 1130 Plato
762 1093 850 1130 eseam
875 1078 1008 1130 malorum

88 1162 91 1167 '
157 1153 278 1223 appellat
290 1154 465 1224 voluptatem,
479 1155 552 1222 quod
569 1170 601 1206 ca
620 1153 748 1207 videlicet
767 1154 891 1206 homiues
903 1155 1009 1222 capian-

157 1235 204 1284 tur
216 1234 248 1283 ut
260 1231 340 1282 hanio
352 1231 447 1298 pisces²
457 1247 622 1298 quamquam
635 1230 823 1283 immoderatis
836 1230 924 1298 epulis
933 1233 1008 1282 caret

89 1371 90 1374 Ἴ
158 1311 290 1370 senectus,
320 1306 433 1358 modieis
464 1311 556 1358 tamen
587 1307 717 1358 conviviis
747 1310 840 1375 potest
869 1307 1009 1359 delectari.

159 1384 188 1436 G.
201 1383 330 1450 Bellium,
343 1382 381 1435 M.
395 1383 431 1449 F„
446 1383 492 1450 qui
513 1382 620 1435 Poenos
638 1383 723 1435 classe
742 1383 846 1450 primus
863 1381 1009 1448 devicerat,

158 1460 323 1512 redeuntem
342 1475 454 1512 acoena
467 1475 559 1511 senem
580 1475 662 1526 saepe
675 1457 800 1511 videbam
818 1474 902 1526 puer;
920 1457 1009 1510 delec-

159 1535 270 1588 tabatur
282 1534 378 1588 crebro
390 1535 474 1587 funali
487 1538 516 1587 et
529 1534 641 1588 tibicine
652 1551 721 1603 quae
734 1534 786 1586 sibi
799 1534 872 1586 nullo
885 1533 1009 1602 exemplo

159 1600 281 1680 priuatus
293 1615 460 1678 sumpserat:
479 1613 586 1664 tantum
600 1611 726 1664 licentiae
740 1609 826 1663 dabat
836 1610 930 1678 gloria
968 1616 1009 1662 45.

91 1746 93 1752 y
154 1688 214 1741 'Sed
228 1687 295 1756 quid
308 1687 454 1753 egoaliosl
493 1687 539 1740 Ad
558 1687 692 1755 meipsum
709 1687 768 1754 jam
782 1689 914 1739 revertar.
952 1685 1010 1737 Pri-

50 1773 52 1780 ’
75 1818 77 1823 f
160 1781 234 1817 mum
259 1763 342 1816 habui
371 1781 479 1830 semper
509 1764 622 1816 sodales.
659 1763 826 1817 Sodalitates
849 1766 941 1814 autem
966 1778 1009 1814 me

160 1842 304 1908 quaestore
319 1839 484 1893 constitutae
497 1847 569 1906 sunt,
578 1839 662 1892 saeris
677 1839 769 1892 idaeis
783 1839 900 1906 Magnae
913 1837 1010 1890 Matris

159 1917 285 1984 acceptis.
322 1915 460 1984 Epulabar
479 1916 565 1982 igitur
582 1933 644 1983 eum
665 1915 803 1968 sodalibus
825 1915 933 1966 ‹unnino
954 1931 1011 1967 mo

160 1993 227 2058 dice,
241 1992 290 2045 sed
309 1996 369 2044 erat
387 1992 500 2060 quidam
516 1992 607 2044 fervor
625 1992 730 2057 aetatis,
744 2007 798 2058 qua
817 1991 1011 2058 progrediente

160 2069 250 2122 omnia
262 2069 331 2120 fiunt
343 2068 371 2119 in
384 2068 444 2120 dics
457 2067 573 2120 mitiora.
610 2067 708 2134 Neque
726 2067 799 2118 enim
816 2067 937 2133 ipsorum
950 2083 1011 2118 con-

155 2145 293 2214 uiuiorum
326 2143 535 2195 delectationem
560 2142 748 2208 voluptatibus
778 2143 899 2209 corporis
926 2143 1012 2209 magis

162 2236 245 2288 quam
260 2222 341 2272 coetu
360 2219 506 2271 amicorum
523 2221 551 2271 et
572 2216 742 2269 sermonibus
759 2217 900 2270 metiebar.
937 2218 1013 2271 Bene

58 2345 60 2349 ,
162 2296 234 2364 onim
247 2295 365 2362 majores
377 2294 463 2347 nostri
481 2293 679 2346 accubitionem
698 2293 836 2361 epularem
856 2293 1012 2360 amicorum,

162 2372 227 2442 quia
244 2372 317 2424 vitae
339 2369 559 2438 conjunctionem
581 2369 704 2435 haberet,
723 2369 874 2421 convivium
896 2369 1014 2422 nomina-

56 2483 60 2488 .
162 2451 239 2514 1m1t3
258 2447 354 2500 melius
367 2463 449 2514 quam
463 2445 560 2500 Graeci
574 2445 621 2514 qui
641 2446 692 2499 lroc
707 2445 781 2499 idem
798 2449 858 2498 tum
877 2450 1013 2514 compota-

162 2525 272 2590 tionem,
298 2527 357 2576 tum
382 2523 621 2576 concoenationem
645 2525 757 2587 vocant;
783 2526 814 2574 ut
837 2521 912 2590 quod
935 2522 963 2574 in
983 2540 1014 2576 eo

163 2617 262 2669 genere
276 2600 418 2653 minimum
433 2600 516 2654 estid
529 2600 649 2652 maxime
661 2598 778 2666 probare
791 2598 944 2651 videantur.

216 2676 294 2730 XIV.
330 2683 372 2731 46.
408 2677 466 2744 Ego
485 2694 548 2729 vero
567 2683 682 2743 propter
700 2674 832 2727 sermonis
854 2675 1015 2728 delectatio

164 2760 225 2806 'ncm
245 2754 416 2822 tempestivis
441 2769 549 2822 quoquo
574 2750 703 2803 conviviis
727 2750 856 2817 delector,
880 2766 929 2802 nec
953 2767 1014 2803 cum

164 2830 323 2898 aequalibus
336 2831 422 2882 solum
441 2829 487 2897 qui
506 2828 586 2896 pauci
598 2827 746 2899 admodum
760 2829 872 2890 restant,
885 2826 935 2878 scd
955 2843 1013 2878 cum

165 2911 256 2958 vestra
274 2905 357 2958 etiam
376 2907 467 2958 aetate
486 2908 570 2971 atque
589 2903 745 2966 vobiscum3
764 2902 906 2969 habeoque
924 2918 1015 2954 senec-

163 2981 218 3035 tuti
237 2997 364 3048 magnam
385 2980 501 3048 gratiam
524 2977 681 3047 quaemihi
701 2978 832 3032 sermonis
854 2977 1015 3032 aviditatem

163 3057 242 3110 auxit
271 3057 389 3124 potionis
409 3059 437 3108 ct
457 3056 511 3109 cibi
532 3055 650 3109 sustulit.
688 3054 768 3118 Quod
789 3054 812 3106 si
831 3070 913 3121 quem
932 3055 1015 3108 etiam

164 3133 217 3186 ista
230 3133 377 3198 delectant,
390 3149 425 3185 nc
438 3132 546 3185 omniuo
558 3131 661 3185 bellum
674 3130 805 3182 indixisse
817 3128 912 3181 videar
923 3131 1016 3200 volup-

166 3209 218 3262 tati
236 3207 314 3273 cojus
333 3212 377 3262 est
394 3208 477 3262 etiam
495 3209 612 3261 fortasse
630 3206 742 3276 quidam
767 3203 899 3258 naturalis
918 3210 1015 3272 motus,
