2242 3542
340 142 506 189 LAELIUS.
542 142 621 191 OAP.
637 144 745 191 XXIV.
760 144 850 195 XXV.
988 152 1019 197 55

165 226 207 276 est
219 240 353 277 venenum
365 223 515 287 amicitiae3
528 224 577 277 sed
589 223 750 293 obsequium
767 224 854 278 multo
871 228 1019 294 molestius,

165 299 239 367 quod
251 300 369 366 peccatis
381 299 525 366 indulgens
537 299 716 368 praeeipitem
729 301 845 353 amicum
859 302 925 355 ferri
940 304 1020 367 sinit;

165 376 283 427 maxima
300 380 392 428 autem
409 376 488 443 eulpa
500 376 528 427 in
541 392 573 428 eo
592 376 681 443 quiet
697 376 842 429 veritatem
858 383 1020 446 aspernatur

165 454 194 503 et
206 452 233 503 in
244 451 370 504 fraudem
383 451 513 519 obsequio
528 452 686 519 impellitur.
723 452 802 505 Omni
820 454 906 520 igitur
921 454 972 507 hae
991 456 1018 507 in

166 544 196 579 rc
207 527 332 580 habenda
344 528 414 581 ratio
427 531 454 581 et
476 527 618 595 diligentia
639 534 689 595 cst,
709 530 835 596 primum,
855 533 887 582 ut
906 531 1020 584 monitio

166 604 323 671 acerbitate,
342 604 441 657 deinde
459 608 491 657 ut
508 603 664 671 objurgatio
683 605 848 657 contumelia
866 610 973 670 careat;
992 607 1019 659 in

165 680 296 748 obsequio
319 685 419 747 autem,
444 682 573 749 quoniam
597 680 761 735 Terentiano
785 681 869 735 verbo
891 683 1020 735 lubenter

166 756 275 824 utimur,
295 758 409 811 comitas
418 758 497 825 adsit,
511 757 659 810 assentatio
671 758 800 811 vitiorum
817 758 941 825 adjutrix
959 776 1021 827 pre

118 870 121 873 -
166 832 208 885 cul
228 837 393 899 amoveatur,
407 850 478 901 quae
490 850 543 885 uon
556 833 637 885 modo
647 834 733 885 aulico
750 834 800 886 sed
813 851 846 887 ne
858 834 945 888 libero
960 836 1020 903 qui-

166 908 229 961 dem
247 909 329 977 digna
349 912 405 963 est:
429 910 510 961 aliter
535 909 687 961 enimcum
711 914 833 977 tyranno,
857 911 937 964 aliter
958 928 1019 965 cum

166 986 252 1037 amico
269 986 375 1038 vivitur.
412 991 452 1039 90.
473 985 558 1052 Cujus
576 990 668 1037 autem
686 1002 765 1037 aures
784 987 894 1039 veritati
912 987 1020 1040 clausae

148 1054 230 1113 'sunt
241 1064 273 1113 ut
285 1061 321 1114 ab
333 1061 419 1113 amico
432 1078 526 1113 verum
540 1060 636 1114 audire
648 1064 775 1129 nequeat,
789 1062 871 1128 hujus
884 1063 957 1115 salus
974 1063 1020 1116 dc-

167 1136 301 1204 speranda
315 1140 364 1191 est.
396 1136 502 1190 Scitum
515 1140 558 1191 est
571 1137 643 1189 enim
656 1137 724 1189 illud
736 1138 857 1204 Catonis,
870 1142 903 1191 ut
915 1140 1018 1194 multa:

166 1212 261 1265 molius
277 1213 312 1266 dc
325 1212 489 1282 quibusdam
503 1212 615 1266 acerbos
627 1212 748 1266 inimicos
761 1214 862 1267 mereri
875 1232 956 1283 quam
970 1233 1017 1269 eos

166 1289 266 1342 amicos
284 1290 331 1359 qui
348 1289 441 1342 dulces
460 1289 623 1353 videantur3
640 1289 701 1342 illos
713 1306 808 1343 verum
826 1307 907 1359 saepe
921 1292 1020 1363 dicere,

166 1364 215 1418 hos
232 1383 378 1434 nunquam.
414 1368 509 1435 Atque
527 1365 595 1418 illud
610 1364 760 1418 absurdum
777 1370 827 1434 est,
841 1368 915 1435 quod
935 1368 953 1419 ii
972 1370 1019 1436 qui

166 1446 310 1495 monentur
334 1459 394 1495 eam
418 1441 571 1495 molestiam
600 1459 683 1510 qnam
708 1442 811 1495 debent
840 1460 938 1511 capere
967 1462 1017 1498 non

166 1519 281 1585 capiunt,
305 1534 364 1571 eam
393 1518 504 1587 capiunt
533 1534 589 1586 qna
616 1517 719 1571 debent
744 1536 846 1573 vacare.
888 1520 1020 1574 Peccasse

165 1594 280 1647 enimse
296 1610 350 1647 non
366 1597 521 1661 anguntur3
538 1594 679 1661 objurgari
693 1595 808 1649 moleste
820 1596 927 1657 seiunt3
945 1597 1019 1665 quod

166 1674 262 1723 contra
274 1669 420 1737 oportebat
433 1669 532 1723 delicto
547 1670 649 1737 dolere,
668 1672 837 1725 correctione
849 1673 980 1739 gaudere.

217 1746 308 1799 XXV.
344 1752 384 1799 91.
403 1746 444 1799 Ut
457 1746 543 1813 igitur
556 1750 585 1800 et
598 1764 709 1801 monere
722 1752 752 1801 et
764 1749 869 1802 moneri
877 1750 1019 1817 proprium

165 1826 209 1875 ost
224 1839 305 1875 verae
318 1822 460 1889 amicitiae,
474 1825 502 1875 et
515 1824 632 1876 alterum
645 1823 731 1877 libere
743 1825 833 1877 facere
845 1841 898 1877 non
915 1842 1019 1893 aspere,

165 1898 283 1952 alterum
296 1898 434 1966 patienter
455 1898 578 1966 accipere
589 1916 642 1952 non
659 1904 852 1967 repugnanter,
863 1902 901 1954 sio
920 1901 1020 1955 haben.

166 1974 232 2027 dum
245 1978 287 2027 est
299 1974 400 2026 nullam
413 1975 441 2025 in
451 1974 577 2026 amicitiis
595 1978 702 2041 pestem
719 1992 779 2027 esse
792 1976 923 2042 majorem
937 1994 1019 2044 qmtm

166 2050 359 2115 adulationem,
370 2049 540 2116 blanditiam,
556 2050 786 2103 assentationem:
803 2052 927 2117 quamvis
946 2053 1018 2105 enim

167 2126 260 2178 mulus
283 2126 438 2178 nominibus
463 2130 507 2178 cst
536 2125 588 2177 hoe
616 2126 713 2178 vitium
742 2126 892 2178 notandum
920 2128 1019 2182 levium

167 2201 305 2254 hominum
324 2205 407 2269 atquo
428 2200 573 2269 fallacium,
594 2200 631 2253 ad
655 2201 824 2268 voluptatem
848 2202 1018 2271 loquentium

166 2278 262 2342 omnia,
275 2277 342 2329 nihil
360 2277 395 2330 ad
415 2276 568 2329 veritatem.
605 2278 754 2341 92.Q11mn
779 2282 872 2331 autem
896 2279 1017 2333 omnium

165 2371 257 2407 rerum
275 2354 411 2407 sinmlatio
431 2353 528 2406 vitiosa
550 2357 600 2421 est,
619 2354 693 2407 tollit
711 2355 784 2407 enim
805 2354 940 2422 judicium
962 2356 1018 2409 veri

165 2428 248 2498 idquo
261 2430 407 2496 adulterat,
418 2434 477 2483 tum
487 2430 623 2483 amicitiae
640 2435 774 2498 repugnat
792 2432 927 2496 maxime;
944 2433 1019 2487 delet

165 2508 237 2560 enim
261 2507 405 2560 veritatem
427 2506 485 2558 sine
507 2523 561 2573 qua
582 2523 681 2559 nomen
700 2507 836 2561 amicitiae
855 2509 945 2562 valere
965 2526 1019 2562 non

165 2587 263 2651 potest.
299 2582 324 2635 N
327 2599 370 2635 am
380 2599 464 2650 quum
477 2583 613 2637 amicitiae
626 2584 667 2635 vis
679 2584 752 2636 sitin
765 2601 797 2637 eo
810 2588 841 2637 ut
853 2602 923 2637 unus
941 2586 1018 2654 quasi

165 2660 270 2711 anillills
283 2659 332 2711 fiat
345 2658 520 2726 expluribus,
534 2660 624 2727 quiid
637 2660 697 2712 fieri
709 2661 820 2727 poterit,
840 2661 862 2713 si
873 2678 907 2713 ne
920 2661 948 2713 in
965 2679 1020 2714 uno

164 2735 276 2803 quidem
288 2751 398 2803 quoque
415 2752 484 2787 riuus
503 2737 608 2789 animus
624 2736 678 2789 erit
696 2736 826 2805 idemque
842 2754 951 2805 semper
968 2740 1018 2791 sed

165 2812 262 2878 verina,
288 2811 494 2875 commutabilis,
519 2812 683 2879 multiplex?
719 2819 759 2866 93.
780 2814 853 2877 Quid
877 2815 948 2867 enim
972 2832 1019 2883 po

164 2890 220 2940 test
233 2904 292 2941 esse
308 2892 365 2941 tam
382 2888 509 2954 flexibile,
522 2894 579 2941 tam
593 2889 710 2957 devium,
730 2907 813 2958 quam
832 2891 938 2943 animus
959 2892 1019 2957 ejus

166 2964 212 3031 qui
226 2964 261 3016 ad
279 2964 392 3018 alterius
413 2980 466 3017 non
490 2965 571 3017 modo
595 2982 703 3017 sensum
725 2982 756 3018 ac
777 2966 946 3018 voluntatem
970 2967 1019 3020 sed

165 3041 247 3107 etiam
260 3040 365 3109 vultum
375 3044 459 3108 atque
471 3044 569 3094 nutum
582 3042 751 3094 convertitur
763 3043 773 3095 l

181 3124 264 3187 Negat
276 3126 342 3187 quis;
357 3140 433 3186 nego:
446 3126 497 3185 ait;
513 3126 551 3173 aio
564 3143 569 3175 :
587 3131 711 3189 postremo
724 3126 841 3189 imperavi
853 3131 950 3189 egomet
958 3126 1019 3175 mihi

180 3196 271 3245 Omnia
282 3197 418 3247 assentari:
