2242 3542
457 87 458 90 Ἴ
668 16 777 80 ‘lma
789 2 896 114 blial
1042 2 1113 103 N

280 136 351 185 ara.
368 136 401 197 1.‚
419 136 499 185 ose·
514 135 672 195 xr-xrrr,
689 134 703 194 a
718 137 807 184 aare.
938 139 969 183 75

125 224 179 288 tor,
191 236 254 273 cum
267 222 355 273 altero
369 224 508 273 certamen
517 220 634 272 honoris
647 225 674 271 et
688 219 837 289 dignitatis
847 209 896 286 est,
906 236 970 271 curn

125 302 215 353 altero
231 300 331 369 eapitis
349 306 377 353 et
396 300 493 366 famae,
508 301 548 352 sie
567 310 632 353 cum
649 300 804 368 Celtiberis
818 316 882 353 eum
898 300 970 353 Cim·

125 382 186 433 bria
198 382 303 434 bellum
318 387 350 433 ut
362 398 425 434 eum
440 381 562 433 inimicis
575 382 733 450 gerebatur,
746 375 809 433 uter
821 387 900 448 esset,
914 398 971 433 non

125 470 190 516 uter
201 464 356 533 imperaret,
370 480 433 515 eum
446 463 561 530 Latinis,
576 464 694 532 Sabinisr,
709 463 889 530 Samnitibus,
902 466 970 517 Poc-

125 544 179 610 nis,
189 546 296 611 Pyrrho
310 544 344 597 de
354 544 472 613 imperio
483 544 676 599 dimicabatur.
714 545 802 597 Poeni
812 544 969 613 foedifragi,
997 527 1013 607 i

125 626 248 679 crudelis
270 626 419 692 Hannibal,
436 625 538 693 reliqui
559 624 697 679 iustiores,
735 625 836 693 Pyrrhi
856 626 970 693 quidem

126 706 164 759 ale
177 706 295 776 captivis
307 706 460 759 reddendis
473 706 522 758 illa
535 708 691 775 praeclara:

186 827 239 873 Nee
251 828 285 872 ml
295 840 385 872 aurum
396 838 474 883 posco
485 838 532 871 nee
544 827 579 871 mi
589 826 701 884 pretium
713 826 849 872 dederitis!

187 894 239 941 Nec
251 896 422 952 cauponantes
433 895 536 951 bellum,
547 895 592 939 sed
602 895 789 953 belligerantes,

186 961 271 1020 Ferro,
282 974 333 1007 non
344 973 406 1005 auro
417 961 494 1005 ultam
507 973 638 1005 cernamus
650 962 759 1017 utrique.

187 1028 273 1075 Vosne
283 1030 347 1075 velit
356 1041 387 1073 an
398 1040 439 1073 me
450 1040 554 1087 regnare
564 1030 624 1073 hera
634 1029 727 1085 quidve
738 1029 802 1074 serat
812 1028 883 1085 Fors,

187 1095 290 1143 Virtute
300 1096 465 1153 experiamur.
498 1095 532 1141 Et
543 1098 593 1141 hoc
603 1097 680 1141 simul
690 1096 777 1154 accipe
788 1097 901 1143 dictum:

138 1216 140 1219 ,
187 1166 301 1221 Quorum
312 1164 403 1211 virtuti
415 1164 475 1209 belli
486 1163 591 1209 fortuna
601 1164 723 1222 pepercit,

186 1232 341 1278 Eorumdem
352 1244 392 1277 me
403 1232 517 1277 libertati
528 1244 631 1289 parcere
642 1234 740 1277 certum
753 1235 800 1278 est.

187 1300 260 1346 Dono
272 1301 358 1346 ducite
369 1301 452 1357 doque
464 1301 610 1345 volentibus
621 1313 679 1345 eum
691 1302 789 1359 magnis
800 1302 846 1346 dls.
910 1302 913 1314 '

127 1418 241 1488 Regalis
254 1434 319 1471 sanc
332 1422 359 1471 et
373 1418 461 1487 digna
470 1418 657 1471 Aeacidarum
670 1434 771 1487 genere
784 1418 928 1472 sententia.

163 1501 240 1553 XIII.
267 1502 308 1552 39.
329 1500 422 1566 Atque
441 1498 533 1564 etiam,
547 1498 571 1551 si
590 1499 660 1566 quid
679 1498 784 1567 singuli
799 1499 972 1567 temporibus

128 1582 246 1635 adducti
258 1580 333 1633 bosti
346 1580 539 1649 promiserunt,
554 1585 595 1633 est
610 1580 641 1631 in
655 1596 688 1631 eo
703 1580 765 1648 ipso
780 1580 851 1631 fides
864 1596 971 1633 conser-

128 1664 272 1728 vendant
284 1660 374 1730 primo
384 1660 491 1713 Punico
501 1660 576 1712 bello
585 1661 711 1729 Regulus
723 1666 823 1729 captus
835 1676 852 1711 a
861 1661 970 1726 Poenis,

129 1758 192 1795 cum
214 1743 250 1795 de
272 1740 392 1811 captivis
414 1740 622 1793 commutandis
641 1742 760 1793 Romam
779 1740 880 1793 missus
901 1748 971 1793 essct

128 1822 299 1890 iurassetque
321 1838 350 1874 se
370 1820 534 1887 rediturum,
549 1818 679 1889 primum,
695 1826 727 1873 ut
744 1821 831 1888 venit,
845 1821 971 1890 captivos

128 1905 286 1957 reddendos
301 1904 332 1955 in
347 1907 444 1955 senatu
462 1918 519 1953 non
538 1901 654 1969 censuit,
668 1902 778 1970 deinde,
792 1918 855 1954 eum
874 1903 971 1955 retine·

129 1990 204 2037 retur
219 2002 234 2036 a
249 1982 417 2052 propinquis
433 1988 460 2034 et
475 1982 511 2034 ab
527 1982 631 2048 amieis,
645 1984 681 2034 ad
697 1983 867 2051 supplicium
882 1984 971 2035 redire

129 2065 227 2117 maluit
240 2079 324 2131 quam
338 2064 423 2114 fidem
435 2062 509 2113 hosti
524 2063 620 2113 datam
632 2062 734 2115 fallere.
774 2063 827 2129 [40.
843 2064 971 2116 Secundo

129 2152 221 2198 autem
232 2144 339 2196 Punico
348 2143 423 2194 bello
436 2149 500 2211 post
511 2143 683 2195 Cannensem
695 2159 827 2211 pugnam,
842 2159 912 2210 quos
924 2146 971 2196 de-

128 2242 190 2278 cem
205 2223 348 2277 Hannibal
364 2224 481 2274 Romam
496 2221 625 2274 astrictos
643 2222 719 2275 misit
733 2223 791 2275 iure
807 2223 924 2276 iurando
942 2242 972 2277 se

25 2348 31 2355 .
116 2300 267 2358 ¹redituros
286 2320 353 2370 esse,
367 2302 420 2355 nisi
437 2304 472 2355 de
488 2302 659 2355 redimendis
673 2303 715 2369 iis,
729 2303 778 2369 qui
793 2304 870 2373 eapti
884 2311 970 2373 erant,

129 2387 333 2455 impetrassent,
350 2400 396 2436 eos
414 2400 511 2435 omnes
530 2400 663 2451 censores,
677 2385 771 2450 quoad
791 2384 909 2453 quisque
927 2403 971 2438 eo-

130 2484 190 2523 rum
204 2466 287 2533 vixit,
302 2466 351 2533 qui
364 2465 540 2534 peierassent,
555 2464 584 2515 in
601 2465 713 2517 aerariis
727 2465 906 2533 reliquerunt,
919 2483 970 2519 nee

130 2549 220 2603 minus
235 2548 324 2614 illum,
339 2546 388 2614 qui
402 2545 470 2597 iuris
485 2545 598 2597 iurandi
614 2545 712 2598 fraude
730 2548 841 2614 culpam
859 2546 968 2600 invenc-

130 2636 178 2683 rat.
216 2630 287 2681 Cum
306 2628 380 2679 enim
399 2626 568 2679 Hannibalis
586 2626 719 2695 permissu
739 2627 841 2679 exisset
859 2628 895 2680 do
914 2644 971 2680 cas

131 2711 186 2779 tris,
199 2708 284 2762 rediit
303 2710 398 2777 paullo
416 2713 489 2775 post,
505 2708 582 2774 quod
602 2724 629 2759 se
649 2707 769 2760 oblitum
787 2707 881 2759 nescio
900 2709 971 2775 quid

131 2792 240 2844 diceret.
278 2790 389 2845 Deinde
405 2805 531 2858 egressus
547 2805 561 2840 e
575 2788 672 2841 castris
684 2788 742 2841 iure
755 2789 875 2841 iurando
887 2806 915 2841 se
929 2806 971 2841 so-

132 2878 219 2925 lutum
237 2871 364 2939 putabat,
380 2875 408 2922 et
429 2875 488 2922 erat
508 2869 609 2936 verbiS,
625 2886 653 2921 re
672 2886 730 2921 non
753 2876 818 2923 erat.
857 2871 991 2939 Semperr,

131 2958 222 3004 autem
237 2951 266 3002 in
281 2951 337 3003 fide
350 2950 418 3017 quid
434 2948 560 3016 senseris,
572 2965 628 3001 non
645 2949 715 3016 quid
728 2949 833 3002 (llxeris
846 2950 971 3018 cogitan-

131 3032 205 3085 dum.
237 3030 391 3083 Maximum
407 3036 500 3083 autem
513 3030 673 3098 exemplum
683 3030 856 3082 estiustitiae
869 3030 898 3079 iu
909 3031 970 3082 bos

131 3119 185 3165 tem
206 3128 222 3165 a
242 3110 392 3163 maioribus
413 3110 514 3162 nostris
536 3108 728 3178 constitutum,
743 3125 806 3162 cnm
828 3125 844 3159 a
863 3109 970 3177 Pyrrho
