2242 3542
154 27 510 147 &wimod-2*-
409 27 521 84 W'm
647 10 859 133 fficium

236 144 305 193 ΗΒ.
324 145 357 205 Ι.,
374 144 452 194 CAP.
469 144 611 194 XXXVII.
615 142 769 206 -XXXlX,
786 144 936 203 §133-139.
966 148 1011 196 107
1111 192 1112 195 ,

151 226 209 281 =ira
222 243 309 297 procu
310 227 417 296 labsit,
431 243 494 279 cum
510 244 566 295 qua
582 227 655 280 nihil
670 232 744 280 recte
758 228 820 279 ficri
837 228 909 280 nihil
924 230 1026 301 consi-l

167 308 264 361 derate
278 312 379 377 potest.
418 310 478 361 137.
498 309 632 377 Magnam
647 315 740 361 autem
755 314 864 378 partem
881 311 1011 363 clementi

167 389 354 459 castigatione
366 390 431 442 licet
447 391 496 459 uti,
510 391 651 460 gravitate
664 396 756 443 tamen
771 391 914 458 adiuncta,
926 397 958 444 ut
973 408 1009 445 se-

166 471 269 524 veritus
287 471 420 524 adhibeat
409 478 454 524 tur
472 478 500 524 et
515 478 581 524 cont
570 471 684 524 tumelia
702 473 858 541 repellatur,
873 477 956 541 atquc
973 477 1011 525 et·

165 551 223 604 iam
244 552 346 603 illud'
338 569 437 621 rpsum,
454 554 531 645 quod
553 552 659 605 acerbit
648 552 714 605 tatis
735 552 821 605 habet
843 553 1010 621 obiurgatio,

165 624 382 701 significandum
397 633 465 686 est
439 634 545 702 ‚ipsius
559 633 591 685 id
604 649 686 685 causa
688 632 755 701 ,qui
770 633 942 703 obiurgetur,
954 651 1011 687 esse

165 718 333 782 susceptum
370 715 441 766 Rect
430 719 489 766 tum
506 719 548 766 est
563 719 656 766 autem
675 714 784 766 etiam'
776 731 807 765 m
825 714 882 767 illis
899 720 1010 767 conten·
1001 738 1023 788 -1

164 793 297 861 tionibus,
312 810 383 862 quae
399 811 463 847 cum
479 793 678 846 inimicissimis
693 794 771 862 fiunt,
786 811 801 847 e
803 794 871 847 tiam
889 796 913 847 si
930 796 1024 870 nobis,¹
1044 844 1060 874 a

164 872 284 942 indigna
300 874 455 941 audiamus,
468 879 563 926 tamen
580 874 749 943 gravitatem
764 874 891 941 retinere,
903 875 1009 927 iracun·
1071 871 1075 878 ’

164 947 241 1006 diam
250 955 394 1023 repellere.
433 954 511 1020 Quae
526 954 600 1006 enim
616 970 680 1007 cum
695 954 788 1022 aliqua
801 955 1009 1023 perturbatione

152 1034 243 1101 liunt,
251 1051 284 1087 ea
297 1050 348 1086 nec
360 1039 520 1087 constanter
528 1034 588 1086 fieri
598 1039 717 1103 possunt
726 1051 777 1087 nec
786 1034 828 1102 iis,
837 1035 886 1103 qui
898 1036 1008 1103 adsunt,

163 1107 283 1184 probari.
320 1114 451 1167 Deforme
470 1115 555 1168 etiam
575 1120 615 1167 est
633 1116 670 1167 de
689 1131 717 1168 se
735 1115 827 1185 ipsum
846 1116 1008 1185 praedicare

162 1195 233 1248 falsa
251 1196 412 1265 praesertim
432 1202 543 1249 etcum
563 1195 689 1249 irrisione
709 1196 884 1250 audientium
902 1196 1007 1250 imitari

164 1276 305 1329 “militem
319 1277 498 1346 gloriosumt'i

198 1358 330 1410 XXXIX.
354 1361 412 1411 138.
434 1359 479 1425 Et,
493 1357 627 1426 qnoniam
643 1358 736 1411 omnia
750 1359 949 1428 persequimur,
960 1376 1007 1411 vo·

162 1440 256 1491 lumus
265 1439 380 1507 quidem
392 1442 473 1505 certe,
483 1438 635 1491 dicendum
649 1444 691 1491 est
701 1438 784 1491 ctiam
795 1440 906 1507 qualem
919 1440 1007 1491 homi-

162 1519 208 1571 nis
225 1519 355 1572 honorati
376 1524 405 1572 et
422 1518 560 1588 principis
580 1520 696 1571 domum
716 1520 826 1588 placeat
846 1536 912 1587 esse,
929 1520 1007 1573 cuius

163 1600 226 1673 finis
241 1604 283 1653 est
294 1616 368 1667 usus,
379 1600 417 1652 ad
429 1601 767 1668 quemaccommodanda
782 1605 824 1653 est
839 1593 1006 1653 aedifica'rffii

163 1668 364 1750 (ιθιοῖιῚιΤοθι
382 1686 475 1733 tamen
497 1680 661 1733 adhibenda
683 1680 891 1734 commoditatis
913 1680 1006 1751 digni·

162 1760 282 1830 tatisque
302 1760 457 1831 diligentia.
503 1762 552 1815 On.
571 1761 696 1829 Octavi0,
710 1761 760 1829 qui
778 1761 884 1831 primus
902 1778 937 1814 ex
956 1762 1006 1815 illa

161 1842 268 1895 familia
294 1844 390 1895 consul
414 1842 505 1895 factus
532 1847 581 1910 est,
604 1844 704 1895 honori
729 1842 813 1895 fuisse
838 1843 1004 1912 accepimns,

162 1923 240 1989 qnod
261 1923 432 1991 praeclaram
456 1922 628 1975 aedificasset
649 1922 679 1974 in
704 1922 815 1975 Palatio
840 1928 868 1975 ct
892 1924 1005 1991 plenam

162 2002 311 2071 dignitatis
327 2003 457 2055 domum:
480 2018 551 2069 quae
569 2019 632 2055 cum
649 2004 736 2071 vulgo
755 2004 897 2071 viseretur,
911 2004 1005 2057 suffra-

161 2088 230 2151 gata
244 2082 359 2134 domino
377 2098 452 2133 novo
468 2082 578 2133 homini
596 2082 633 2134 ad
648 2084 822 2135 consulatum
837 2084 1003 2152 putabatur:

162 2163 236 2216 hanc
258 2163 377 2215 Scaurus
398 2162 549 2215 demolitus
570 2162 756 2214 accessionem
779 2163 909 2216 adiunxit
931 2166 1005 2218 acdi-

162 2244 222 2297 bus.
259 2244 359 2311 Itaque
374 2242 423 2294 ille
437 2242 467 2293 in
482 2258 560 2294 suam
576 2244 690 2295 domum
709 2244 885 2296 consulatum
900 2238 1004 2313 primus

161 2323 266 2390 attulit,
282 2323 329 2376 hic
347 2322 449 2375 summi
468 2329 496 2374 et
515 2323 660 2375 clarissimi
678 2323 731 2376 viri
749 2322 822 2375 filius
840 2324 870 2375 in
890 2325 1004 2381 domum

161 2404 377 2473 multiplicatam
393 2420 450 2455 non
468 2405 607 2472 repulsam
624 2406 713 2455 solum
731 2404 846 2473 rettulit,
860 2407 909 2458 sed
925 2406 1004 2476 igno-

160 2485 276 2537 miniam
298 2485 383 2538 etiam
407 2489 436 2537 et
457 2484 652 2537 calamitatem.
691 2486 749 2538 139.
776 2485 908 2539 Ornanda
930 2486 1025 2545 enimi

160 2572 203 2617 est
218 2565 343 2634 dignitas
359 2566 451 2631 domo,
465 2582 521 2617 non
540 2582 575 2617 ex
593 2566 678 2617 domo
694 2569 754 2617 tota
772 2568 938 2635 quaerenda,
951 2585 1004 2621 nec

161 2646 246 2699 domo
262 2647 399 2714 dominus,
411 2648 459 2699 sed
473 2646 588 2699 domino
604 2647 704 2699 domus
717 2647 892 2701 honestanda
908 2655 956 2715 est,
967 2655 1003 2717 et,

159 2731 194 2779 ut
207 2727 237 2778 in
254 2728 353 2780 ceteris
368 2729 499 2780 habenda
514 2727 585 2780 ratio
603 2743 659 2779 non
677 2744 726 2779 sua
741 2729 839 2795 solum,
853 2730 903 2780 sed
916 2729 1002 2781 'etiam

161 2806 285 2872 aliorum,
299 2809 339 2861 sic
353 2808 383 2860 in
399 2809 482 2860 domo
498 2808 566 2860 olari
581 2807 711 2873 hominis,
722 2807 752 2859 in
768 2825 851 2875 quam
867 2805 895 2860 et
910 2809 1002 2877 hospi-

161 2879 204 2937 tes
215 2888 297 2941 multi
311 2888 465 2957 recipiendi
478 2895 507 2940 ct
519 2888 696 2940 admittenda
709 2888 854 2941 hominum
869 2888 1001 2955 cuiusque

161 2966 240 3019 modi
254 2969 415 3033 multitudo,
427 2968 589 3021 adhibenda
604 2984 671 3021 cura
686 2974 727 3020 est
742 2968 875 3021 laxitatis.
913 2968 1002 3019 Aliter

162 3049 255 3115 ampla
271 3048 371 3101 domus
388 3048 520 3101 dedecori
537 3048 653 3099 domino
673 3064 754 3115 saepe
769 3048 809 3112 fit,
823 3047 846 3097 si
865 3051 905 3097 est
922 3047 951 3096 in
971 3064 1002 3099 ca

162 3126 294 3194 solitudo,
302 3134 330 3180 et
339 3128 468 3194 araxime,
477 3127 502 3179 si
510 3126 664 3184 aliuuando
676 3126 732 3179 alio
742 3124 857 3179 domino
871 3123 952 3177 solita
963 3132 1002 3178 est
