2242 3542
101 122 133 168 66
414 119 464 166 DE
480 118 633 168 osricus

101 221 250 272 earumque
265 221 429 273 progressus
443 209 471 256 et
484 204 565 272 quasi
577 203 780 257 antecessiones
795 219 853 255 non
864 202 949 272 igno·

101 290 152 354 rat,
163 279 362 338 similitudines
377 293 521 354 comparat
535 286 673 353 rebusque
688 283 881 354 praeaentibus
895 285 950 337 ad·

101 367 194 436 iungit
203 377 287 434 atquc
296 366 422 418 adnectit
433 365 548 433 trituras,
558 365 640 418 facile
651 366 738 418 totius
747 365 823 417 vitae
833 381 950 418 cursum

101 449 180 501 videt
195 448 230 500 ud
246 464 361 516 eamque
377 447 536 517 degendam
549 452 699 517 praeparat
710 463 755 499 res
767 446 948 499 necessarias.

103 533 143 581 12.
161 529 323 595 Eademque
342 535 441 580 natura
461 529 489 581 vi
509 528 625 580 rationis
647 527 790 579 hominem
810 526 947 580 conciliat

102 609 209 662 homini
224 613 252 661 et
267 609 303 661 ad
319 609 453 661 orationis
468 616 495 661 et
511 611 547 662 ad
563 610 639 662 vitae
651 609 945 677 societatemiugene-

101 694 198 758 ratque
208 688 237 740 in
250 689 351 758 primis
358 689 539 758 praecipuum
552 691 701 756 quemdam
714 689 874 742 amoremin
887 705 945 755 eos,

101 771 149 839 qui
164 769 301 839 procreati
318 775 390 837 sunt,
403 770 579 839 impellitque
594 777 626 822 ut
641 770 789 822 bominum
802 776 899 821 coetus
914 778 945 820 et

101 851 302 904 celebrationes
315 856 343 903 et
355 867 413 902 esse
428 857 456 903 et
469 869 486 904 a
501 868 529 904 se
545 851 617 904 obiri
630 851 699 905 velit
712 851 753 902 ob
765 866 864 917 easque
879 865 945 901 eau-

101 948 145 984 sas
160 932 272 984 studeat
286 949 384 1001 perure
399 949 439 999 ea,
453 950 524 1002 quae
540 933 725 1002 suppeditent
740 937 769 982 11
784 932 819 982 ad
835 932 945 982 cultum

102 1013 130 1061 at
145 1009 181 1062 ad
195 1009 310 1078 vietum,
320 1027 372 1062 nec
388 1010 441 1062 sibi
457 1010 517 1076 soli,
529 1011 579 1064 sed
592 1010 715 1079 coniugi,
726 1009 825 1062 liberis
835 1009 947 1061 ceteris

102 1105 164 1157 que,
178 1105 250 1156 quos
271 1107 351 1141 caros
370 1091 471 1142 lrabeat
491 1091 619 1158 tuerique
638 1093 749 1144 debeat..
785 1091 862 1156 Quae
878 1106 950 1142 eura

102 1169 254 1222 exsuscitat
270 1171 353 1222 etiam
369 1171 479 1224 animos
493 1179 520 1224 et
535 1173 653 1224 maiores
669 1173 705 1224 ad
722 1189 780 1224 rem
793 1172 947 1241 gerendam

100 1249 176 1304 iacit.
216 1253 256 1304 13.
274 1253 307 1303 In
326 1253 480 1322 primisque
499 1254 624 1306 hominis
640 1263 681 1306 est
698 1252 812 1322 propria
828 1252 885 1304 veri
905 1251 947 1302 111-

102 1331 221 1399 quisitio
239 1339 323 1401 atque
346 1334 535 1403 investigatio.
574 1336 677 1402 Itaque·
697 1351 761 1386 eum
783 1349 879 1386 samus
899 1349 950 1383 ne-

101 1413 227 1465 cessariis
243 1415 364 1484 negotiis
383 1415 511 1483 curisque
526 1417 617 1479 vacui,
631 1411 691 1467 tani
707 1431 824 1466 avemus
836 1414 946 1481 aliquid

101 1493 204 1561 videre,
221 1496 325 1560 audire,
342 1497 496 1558 addiscere,
513 1497 760 1566 cognitionemque
784 1512 875 1548 rerum
897 1504 947 1546 aut

101 1575 273 1628 ireerrltarmn
292 1582 340 1628 aut
355 1578 565 1630 admirabilium
581 1579 619 1630 ad
635 1579 716 1629 beate
732 1577 884 1628 vivendum
899 1591 947 1626 ne

101 1655 247 1708 cessariam
261 1656 399 1710 ducimus,
432 1659 475 1710 Ex
490 1675 549 1726 quo
558 1658 742 1727 intellegitur,
752 1659 831 1726 qaod
840 1672 947 1721 verum

102 1739 220 1806 simplex
239 1737 430 1805 sincerumque
449 1738 496 1804 111,
505 1739 536 1790 id
556 1755 614 1790 esse
629 1744 742 1790 naturae
757 1736 878 1789 hominis
894 1753 945 1805 ap-

103 1818 247 1870 tissimum.
287 1811 361 1869 Huic
374 1819 431 1872 reri
447 1818 564 1871 videndi
580 1818 733 1887 cupiditati
747 1818 881 1870 adiuncta
899 1824 943 1868 est

102 1899 239 1967 appetitio
258 1901 395 1965 quaedam
411 1899 760 1968 principatus‚11tnemi11i
773 1914 869 1967 parere
885 1897 942 1947 nni-

103 1998 166 2032 mus
173 1981 242 2032 bene
252 1979 441 2033 111111111111111111
453 1987 550 2032 natura
561 1980 628 2032 velit
638 1980 692 2031 nisi
701 1978 884 2048 praecipienti
894 1984 944 2028 out

102 2061 215 2114 docenti
225 2068 273 2113 aut
284 2062 414 2113 utilitatis
428 2077 510 2114 causa
520 2061 593 2112 iuste
606 2068 633 2113 11
643 2060 767 2129 legitime
778 2058 945 2128 imperanti:

102 2159 136 2194 ex
154 2159 210 2209 quo
230 2142 398 2210 magnitudo
416 2141 502 2194 animi
521 2141 630 2193 exsistit
646 2142 884 2206 humanarumque
902 2155 945 2189 re-

102 2239 162 2274 rum
179 2223 359 2290 contemptio.
398 2225 439 2276 14.
455 2223 515 2274 Nec
528 2239 594 2274 vero
609 2221 658 2273 illa
672 2237 759 2290 parva
771 2221 814 2273 vis
828 2226 945 2272 naturae

102 2309 144 2354 est
157 2303 336 2370 rationisque,
348 2302 424 2369 quod
437 2318 522 2353 unum
537 2303 591 2353 lroe
606 2302 710 2354 animal
725 2301 810 2353 sentit
823 2300 893 2368 quid
906 2300 945 2352 sit

102 2384 183 2448 ‹ir-(lo,
192 2383 260 2450 quid
274 2383 310 2435 sit
324 2383 401 2450 quod
415 2383 522 2448 deceat,
532 2383 561 2434 111
574 2382 656 2434 ibet-is
670 2382 808 2449 dictisque
822 2380 872 2448 qui
885 2395 946 2431 mo·

103 2465 163 2516 dus.
195 2464 293 2530 ltaque
310 2479 403 2514 eorum
419 2462 551 2531 ipsorum,
562 2479 634 2530 quac
649 2469 765 2531 aspectu
778 2461 947 2527 sentiuntur}

103 2541 211 2593 nullum
223 2539 302 2590 alind
314 2538 416 2590 animal
430 2538 682 2606 pulchritudinem,
688 2542 871 2603 venustatem,
881 2553 945 2588 eon-

103 2619 274 2673 venientium
290 2619 415 2688 partium
432 2619 526 2671 sentit.
562 2619 652 2684 Quarti
670 2618 884 2670 similitudinem
898 2635 947 2670 na

103 2708 166 2754 tura
180 2699 309 2767 ratioque
325 2700 361 2750 ab
376 2700 465 2751 oeulis
480 2701 517 2751 ad
533 2700 657 2752 animum
673 2699 841 2751 tumst'erens
856 2699 949 2750 multo

103 2783 187 2834 etiam
202 2782 291 2850 magis
306 2780 765 2850 pulchritudinem,constantiam,
775 2778 900 2841 ordinem
916 2779 948 2830 in

103 2863 232 2917 consiliis
248 2863 385 2928 factisque
409 2861 627 2914 conservandam
649 2867 731 2928 putat
753 2866 890 2927 cavetque
910 2876 948 2912 ne

104 2945 173 3012 quid
188 2945 319 2998 indecore
335 2941 525 2994 effeminateve
541 2941 637 3004 iaciat,
648 2950 709 2994 tum
723 2941 754 2992 in
769 2940 900 2992 omnibus
918 2946 949 2992 et

104 3026 284 3094 opinionibus
299 3028 326 3076 et
339 3022 428 3088 factis
442 3022 559 3089 nequid
574 3022 725 3074 libidinose
738 3028 787 3074 ant
799 3020 883 3073 faeiat
898 3029 949 3073 aut

105 3105 220 3171 (cogitet.¹
250 3101 950 3172 Quibusexrebuseonflaturetefficiturid,quod
