2242 3542
110 168 157 214 116
420 165 470 213 DE
487 163 640 215 OFFICIIS

107 249 223 303 interest
235 255 329 303 utram
342 266 377 303 ex
390 249 502 303 homine
517 266 547 303 sc
561 250 707 303 convertat
720 248 783 318 quis
798 248 828 301 in
841 248 952 303 beluam

107 348 143 384 an
156 332 278 385 hominis
290 332 381 401 figura
393 332 597 385 immanitatem
610 335 689 401 gerat
702 332 819 385 beluael

143 414 219 465 XXI.
236 412 334 478 Quid?
353 413 402 480 qui
415 413 510 465 omnia
523 418 600 465 recta
614 417 642 465 ct
655 414 772 466 honesta
786 413 951 483 neglegunt,

107 494 176 545 durn
194 494 280 545 modo
299 493 456 562 potentiam
475 498 689 561 consequantur,
706 510 798 545 noune
818 494 894 546 idem
913 492 953 546 fa·

107 574 186 626 cirrnt
201 575 277 641 quod
293 574 325 641 is,
338 574 388 641 qui
406 574 492 627 ctiam
509 591 635 627 socenrm
654 574 755 627 lrabere
771 574 861 628 voluit
879 591 951 643 enrn,

106 654 186 706 cuius
204 655 264 724 ipse
283 654 402 708 audacia
420 660 521 724 potens
539 657 629 709 esscti
666 655 742 709 Utile
762 655 787 707 ei
802 654 952 709 videbatur

106 735 257 803 plurimum
276 752 356 804 posse
375 736 490 789 alterius
508 736 625 790 invidia.
663 737 697 789 Id
714 752 798 804 quam
812 735 952 789 iniustum

105 815 135 867 in
153 815 274 883 patriam
293 822 321 868 et
337 832 422 883 quam
440 823 522 885 turpe
541 820 570 869 et
585 833 669 884 quarn
687 816 787 869 inutile
807 822 877 869 essct
889 833 951 869 non

106 896 228 950 videbat.
266 897 329 965 Ipse
343 903 436 950 autern
449 913 526 949 socer
538 896 568 948 in
582 914 628 949 ore
641 913 750 966 semper
759 898 877 950 Graecos
890 913 950 948 ver-

105 994 152 1029 sus
172 979 208 1030 de
226 977 387 1030 Phoenissis
403 978 532 1042 habebat,
546 994 617 1046 quos
633 978 725 1031 dicam
744 983 775 1030 ut
790 982 894 1046 potero,
908 976 951 1030 in-

105 1058 219 1113 condite
232 1058 356 1126 fortasse,
370 1058 419 1110 sed
429 1063 531 1126 tamen,
541 1064 574 1111 ut
586 1076 629 1111 res
641 1059 730 1128 possit
743 1058 885 1129 intellegi:

228 1190 292 1236 Nam
303 1190 325 1235 si
335 1190 483 1236 violandum
494 1192 534 1237 est
544 1192 593 1249 ins,
604 1192 724 1251 regnandi
734 1192 820 1251 gratia

227 1257 381 1304 Violandum
393 1260 444 1305 est:
462 1258 518 1304 aliis
530 1262 604 1306 rebus
616 1260 737 1318 pietatem
749 1260 823 1305 colas.

105 1382 240 1452 Capitulis
254 1384 383 1436 Eteocles
397 1385 442 1436 vel
456 1384 551 1453 potius
566 1384 724 1453 Euripides,
739 1384 788 1452 qui
806 1384 837 1436 id
852 1401 948 1453 unum,

104 1464 323 1529 quodomnium
342 1465 585 1517 sceleratissimum
603 1464 695 1530 fuerit,
712 1465 866 1534 exceperit!
905 1468 947 1520 83.

104 1544 181 1608 Quid
190 1544 279 1613 igitur
291 1545 399 1597 minuta
408 1545 576 1615 colligimus,
586 1546 762 1611 hereditates,
771 1550 947 1614 mercaturas,

103 1624 279 1676 venditiones
297 1624 509 1679 fraudulentasi
545 1627 618 1677 Ecce
638 1625 699 1693 tibi,
714 1626 762 1694 qni
780 1643 829 1679 rex
848 1627 948 1696 populi

103 1704 222 1756 Romani
232 1704 418 1773 dominusque
431 1705 557 1757 omnium
570 1706 696 1774 gentium
711 1722 768 1759 esse
782 1708 948 1776 concupive

103 1784 140 1835 rit
155 1785 241 1852 idque
257 1783 418 1853 perfeceritl
456 1786 536 1838 Hanc
555 1786 743 1856 cupiditatem
761 1788 786 1839 si
801 1788 947 1841 honestam

103 1864 166 1933 quis
185 1881 242 1917 esse
258 1864 337 1931 dicit,
350 1882 445 1917 amens
464 1871 512 1919 est.
549 1868 656 1920 Probat
671 1868 748 1920 eninr·
760 1870 853 1938 legum
873 1874 901 1922 ct
916 1869 948 1922 li-

103 1946 220 1999 bertatis
234 1946 380 1999 interitum
395 1964 545 2015 earumque
561 1948 769 2017 oppressionem
784 1955 901 2002 taetram
919 1956 948 2003 et

102 2026 299 2080 detestabilem
313 2027 464 2096 gloriosam
476 2034 565 2097 putat.
604 2029 659 2096 Qui
674 2035 768 2082 autern
781 2029 884 2083 fatetur
897 2031 948 2083 ho-

10 2156 15 2163 .
102 2114 213 2160 nestum
226 2125 283 2160 non
295 2124 353 2161 esse
365 2109 394 2160 in
408 2126 440 2161 ea
453 2109 576 2177 civitate,
585 2126 656 2177 quae
671 2110 758 2163 libera
767 2110 851 2163 fuerit
864 2128 948 2179 quae-

101 2204 156 2256 que
175 2206 234 2242 esse
249 2189 359 2255 debeat,
372 2206 496 2259 regnare,
512 2191 561 2242 sed
581 2190 615 2257 ei,
629 2190 679 2258 qui
698 2191 728 2243 id
743 2191 833 2244 facere
847 2192 946 2261 possit,

101 2285 159 2321 csse
174 2271 251 2336 utile,
266 2286 322 2338 qua
338 2272 412 2323 hunc
427 2271 623 2341 obiurgatione
639 2279 687 2323 aut
702 2288 758 2339 quo
773 2272 868 2342 potius
881 2289 947 2325 corr·

101 2349 175 2401 vicio
194 2367 210 2401 a
225 2356 304 2403 tanto
324 2368 413 2404 errore
432 2368 516 2404 coner
530 2353 669 2406 avelleret
706 2354 802 2405 Potest
818 2352 899 2415 enim,
914 2354 946 2407 di

100 2430 286 2483 immortales!
306 2433 438 2500 cuiquam
450 2450 507 2486 essa
522 2434 592 2486 utile
604 2433 796 2487 foedissimum
809 2439 837 2487 et
846 2438 946 2487 taeter·

99 2510 201 2562 rimrun
216 2510 399 2579 parricidium
414 2513 529 2581 patriae,
543 2515 671 2582 quamvis
689 2515 721 2583 is,
735 2515 784 2583 qui
802 2531 831 2567 se
848 2530 881 2567 so
897 2516 945 2567 ob«

100 2591 250 2656 strinxerit,
266 2591 302 2643 ab
322 2593 462 2661 oppressis
481 2594 591 2648 civibus
606 2598 752 2665 “parcns”
766 2595 944 2651 nominetur?

100 2672 254 2725 Honestate
271 2672 360 2742 igitur
375 2674 526 2743 dirigenda
540 2676 649 2728 utilitas
664 2683 707 2730 est
721 2676 879 2743 etquidem
894 2676 943 2743 sic,

100 2759 131 2804 ut
144 2754 212 2805 lraec
228 2755 286 2807 duo
295 2755 381 2807 verbo
393 2755 467 2808 inter
481 2773 509 2808 se
523 2756 687 2825 discrepare,
700 2774 729 2809 re
744 2773 831 2809 unum
846 2774 945 2810 sonare

99 2834 256 2887 videantur.
295 2837 337 2889 84.
358 2837 423 2888 Non
439 2835 529 2889 habco
547 2837 585 2888 ad
600 2836 679 2905 vulgi
695 2836 857 2906 opinionem
873 2854 945 2905 quae

99 2916 187 2967 maior
202 2916 310 2968 utilitas
323 2933 407 2983 quam
422 2918 560 2985 regnandi
576 2934 633 2969 esse
648 2918 745 2986 possit,
758 2918 831 2969 nilril
846 2923 944 2971 eontra

98 2993 228 3046 inutilius
241 2996 273 3060 ei,
283 2996 332 3063 qui
345 2997 376 3048 id
389 2996 492 3048 iniuste
507 3003 674 3049 consecutus
689 2998 734 3063 sit,
745 2998 866 3065 invenio,
878 3014 943 3051 cum

99 3072 135 3121 ad
149 3075 295 3125 veritatem
311 3076 392 3144 coepi
406 3092 535 3128 revocare
550 3077 693 3130 rationem.
731 3079 852 3130 Possunt
868 3078 943 3131 enirn

98 3149 228 3218 cuiquam
247 3168 305 3205 esse
324 3154 407 3207 utiles
427 3171 553 3224 angores,
569 3156 783 3211 sollicitudines
799 3157 893 3211 diurni
913 3164 942 3215 et
