<?xml version="1.0" encoding="UTF-8"?>
<!DOCTYPE html PUBLIC "-//W3C//DTD XHTML 1.0 Transitional//EN"
    "http://www.w3.org/TR/xhtml1/DTD/xhtml1-transitional.dtd">
<html xmlns="http://www.w3.org/1999/xhtml" xml:lang="en" lang="en">
 <head>
  <title>
</title>
<meta http-equiv="Content-Type" content="text/html;charset=utf-8" />
  <meta name='ocr-system' content='tesseract 3.04.00' />
  <meta name='ocr-capabilities' content='ocr_page ocr_carea ocr_par ocr_line ocrx_word'/>
</head>
<body>
  <div class='ocr_page' id='page_1' title='image "./catomajorsivede01longgoog_0138.png"; bbox 0 0 2242 3542; ppageno 0'>
   <div class='ocr_carea' id='block_1_1' title="bbox 448 2 1089 159">
    <p class='ocr_par' dir='ltr' id='par_1_1' title="bbox 448 2 1089 159">
     <span class='ocr_line' id='line_1_1' title="bbox 448 2 1089 159; baseline -0.009 -81"><span class='ocrx_word' id='word_1_1' title='bbox 448 3 649 106; x_wconf 42' lang='lat' dir='ltr'>talasa</span> <span class='ocrx_word' id='word_1_2' title='bbox 732 12 825 72; x_wconf 45' lang='lat' dir='ltr'>aa:</span> <span class='ocrx_word' id='word_1_3' title='bbox 842 2 1089 159; x_wconf 29' lang='lat' dir='ltr'>sufflata-5³</span> 
     </span>
    </p>
   </div>
   <div class='ocr_carea' id='block_1_2' title="bbox 283 186 967 250">
    <p class='ocr_par' dir='ltr' id='par_1_2' title="bbox 283 186 967 250">
     <span class='ocr_line' id='line_1_2' title="bbox 283 186 967 250; baseline 0 -13"><span class='ocrx_word' id='word_1_4' title='bbox 283 190 353 238; x_wconf 88' lang='lat' dir='ltr'><strong>LIB.</strong></span> <span class='ocrx_word' id='word_1_5' title='bbox 370 190 419 249; x_wconf 90' lang='lat'>11.‚</span> <span class='ocrx_word' id='word_1_6' title='bbox 436 189 514 238; x_wconf 76' lang='lat' dir='ltr'><strong>CAP.</strong></span> <span class='ocrx_word' id='word_1_7' title='bbox 530 189 661 250; x_wconf 81' lang='lat' dir='ltr'>1x.-xr.,</span> <span class='ocrx_word' id='word_1_8' title='bbox 678 186 796 248; x_wconf 75' lang='lat' dir='ltr'>§su-39.</span> <span class='ocrx_word' id='word_1_9' title='bbox 920 193 967 237; x_wconf 73' lang='lat'>129</span> 
     </span>
    </p>
   </div>
   <div class='ocr_carea' id='block_1_3' title="bbox 89 272 967 422">
    <p class='ocr_par' dir='ltr' id='par_1_3' title="bbox 89 272 967 422">
     <span class='ocr_line' id='line_1_3' title="bbox 120 272 967 342; baseline -0.001 -15"><span class='ocrx_word' id='word_1_10' title='bbox 120 273 279 342; x_wconf 78' lang='lat' dir='ltr'>instructos,</span> <span class='ocrx_word' id='word_1_11' title='bbox 293 289 340 326; x_wconf 91' lang='lat' dir='ltr'>eos</span> <span class='ocrx_word' id='word_1_12' title='bbox 354 276 538 326; x_wconf 87' lang='lat' dir='ltr'>contemnunt</span> <span class='ocrx_word' id='word_1_13' title='bbox 551 272 667 340; x_wconf 90' lang='lat' dir='ltr'>quidem</span> <span class='ocrx_word' id='word_1_14' title='bbox 679 272 853 341; x_wconf 77' lang='lat' dir='ltr'>neutiquam,</span> <span class='ocrx_word' id='word_1_15' title='bbox 866 274 915 325; x_wconf 90' lang='lat' dir='ltr'>sed</span> <span class='ocrx_word' id='word_1_16' title='bbox 931 274 967 327; x_wconf 91' lang='lat' dir='ltr'>de</span> 
     </span>
     <span class='ocr_line' id='line_1_4' title="bbox 89 353 966 422; baseline -0.002 -14"><span class='ocrx_word' id='word_1_17' title='bbox 89 404 90 408; x_wconf 74' lang='grc'>,</span> <span class='ocrx_word' id='word_1_18' title='bbox 120 355 166 407; x_wconf 90' lang='lat' dir='ltr'>his</span> <span class='ocrx_word' id='word_1_19' title='bbox 177 355 250 407; x_wconf 89' lang='lat' dir='ltr'>male</span> <span class='ocrx_word' id='word_1_20' title='bbox 263 353 432 408; x_wconf 87' lang='lat' dir='ltr'>existimant.</span> <span class='ocrx_word' id='word_1_21' title='bbox 470 354 561 419; x_wconf 77' lang='lat' dir='ltr'>Quam</span> <span class='ocrx_word' id='word_1_22' title='bbox 574 354 611 406; x_wconf 92' lang='lat' dir='ltr'>ob</span> <span class='ocrx_word' id='word_1_23' title='bbox 622 370 689 420; x_wconf 88' lang='lat' dir='ltr'>rem,</span> <span class='ocrx_word' id='word_1_24' title='bbox 699 358 732 406; x_wconf 91' lang='lat' dir='ltr'>ut</span> <span class='ocrx_word' id='word_1_25' title='bbox 743 358 808 407; x_wconf 91' lang='lat' dir='ltr'>ante</span> <span class='ocrx_word' id='word_1_26' title='bbox 821 354 891 422; x_wconf 85' lang='lat' dir='ltr'>dixi,</span> <span class='ocrx_word' id='word_1_27' title='bbox 902 370 966 406; x_wconf 91' lang='lat' dir='ltr'>con-</span> 
     </span>
    </p>
   </div>
   <div class='ocr_carea' id='block_1_4' title="bbox 120 434 1073 503">
    <p class='ocr_par' dir='ltr' id='par_1_4' title="bbox 120 434 1073 503">
     <span class='ocr_line' id='line_1_5' title="bbox 120 434 1073 503; baseline 0 -16"><span class='ocrx_word' id='word_1_28' title='bbox 120 440 284 487; x_wconf 89' lang='lat' dir='ltr'>temnuntur</span> <span class='ocrx_word' id='word_1_29' title='bbox 298 434 326 501; x_wconf 84' lang='lat' dir='ltr'>ii,</span> <span class='ocrx_word' id='word_1_30' title='bbox 340 434 390 503; x_wconf 91' lang='lat' dir='ltr'>qui</span> <span class='ocrx_word' id='word_1_31' title='bbox 406 437 482 486; x_wconf 85' lang='lat' dir='ltr'>“nec</span> <span class='ocrx_word' id='word_1_32' title='bbox 501 434 555 487; x_wconf 87' lang='lat' dir='ltr'>sibi</span> <span class='ocrx_word' id='word_1_33' title='bbox 571 450 623 487; x_wconf 89' lang='lat' dir='ltr'>neo</span> <span class='ocrx_word' id='word_1_34' title='bbox 640 434 747 500; x_wconf 81' lang='lat' dir='ltr'>elteri,&#39;&#39;</span> <span class='ocrx_word' id='word_1_35' title='bbox 762 438 795 486; x_wconf 93' lang='lat' dir='ltr'>ut</span> <span class='ocrx_word' id='word_1_36' title='bbox 811 435 923 501; x_wconf 87' lang='lat' dir='ltr'>dieitur,</span> <span class='ocrx_word' id='word_1_37' title='bbox 936 435 966 487; x_wconf 93' lang='lat' dir='ltr'>in</span> <span class='ocrx_word' id='word_1_38' title='bbox 1063 444 1073 457; x_wconf 79' lang='lat'><em>⁴</em></span> 
     </span>
    </p>
   </div>
   <div class='ocr_carea' id='block_1_5' title="bbox 120 515 966 826">
    <p class='ocr_par' dir='ltr' id='par_1_5' title="bbox 120 515 966 826">
     <span class='ocr_line' id='line_1_6' title="bbox 122 515 965 584; baseline 0 -15"><span class='ocrx_word' id='word_1_39' title='bbox 122 516 224 584; x_wconf 91' lang='lat' dir='ltr'>quibus</span> <span class='ocrx_word' id='word_1_40' title='bbox 247 516 340 568; x_wconf 93' lang='lat' dir='ltr'>nullus</span> <span class='ocrx_word' id='word_1_41' title='bbox 362 515 449 581; x_wconf 82' lang='lat' dir='ltr'>labor,</span> <span class='ocrx_word' id='word_1_42' title='bbox 467 517 544 567; x_wconf 90' lang='lat' dir='ltr'>nulla</span> <span class='ocrx_word' id='word_1_43' title='bbox 566 515 713 580; x_wconf 87' lang='lat' dir='ltr'>industria,</span> <span class='ocrx_word' id='word_1_44' title='bbox 731 517 809 567; x_wconf 92' lang='lat' dir='ltr'>nulla</span> <span class='ocrx_word' id='word_1_45' title='bbox 829 531 896 568; x_wconf 87' lang='lat' dir='ltr'>cura</span> <span class='ocrx_word' id='word_1_46' title='bbox 917 521 965 569; x_wconf 87' lang='lat' dir='ltr'>est.</span> 
     </span>
     <span class='ocr_line' id='line_1_7' title="bbox 122 595 966 664; baseline 0.001 -15"><span class='ocrx_word' id='word_1_47' title='bbox 122 600 164 651; x_wconf 81' lang='lat'>37.</span> <span class='ocrx_word' id='word_1_48' title='bbox 184 595 377 649; x_wconf 81' lang='lat' dir='ltr'>Admiratione</span> <span class='ocrx_word' id='word_1_49' title='bbox 395 600 488 648; x_wconf 91' lang='lat' dir='ltr'>autem</span> <span class='ocrx_word' id='word_1_50' title='bbox 506 596 677 648; x_wconf 84' lang='lat' dir='ltr'>adliciuntur</span> <span class='ocrx_word' id='word_1_51' title='bbox 692 596 722 663; x_wconf 87' lang='lat' dir='ltr'>ii,</span> <span class='ocrx_word' id='word_1_52' title='bbox 736 596 784 664; x_wconf 91' lang='lat' dir='ltr'>qui</span> <span class='ocrx_word' id='word_1_53' title='bbox 801 596 908 653; x_wconf 87' lang='lat' dir='ltr'>anteire</span> <span class='ocrx_word' id='word_1_54' title='bbox 924 613 966 650; x_wconf 88' lang='lat' dir='ltr'>ee·</span> 
     </span>
     <span class='ocr_line' id='line_1_8' title="bbox 120 676 965 745; baseline 0.001 -17"><span class='ocrx_word' id='word_1_55' title='bbox 120 676 188 729; x_wconf 85' lang='lat' dir='ltr'>teris</span> <span class='ocrx_word' id='word_1_56' title='bbox 207 676 309 729; x_wconf 87' lang='lat' dir='ltr'>virtute</span> <span class='ocrx_word' id='word_1_57' title='bbox 329 679 466 745; x_wconf 89' lang='lat' dir='ltr'>putantur</span> <span class='ocrx_word' id='word_1_58' title='bbox 485 681 515 728; x_wconf 91' lang='lat' dir='ltr'>et</span> <span class='ocrx_word' id='word_1_59' title='bbox 535 692 600 728; x_wconf 88' lang='lat' dir='ltr'>eum</span> <span class='ocrx_word' id='word_1_60' title='bbox 620 676 699 729; x_wconf 90' lang='lat' dir='ltr'>omni</span> <span class='ocrx_word' id='word_1_61' title='bbox 718 692 809 728; x_wconf 86' lang='lat' dir='ltr'>carere</span> <span class='ocrx_word' id='word_1_62' title='bbox 830 676 965 730; x_wconf 85' lang='lat' dir='ltr'>dedecore</span> 
     </span>
     <span class='ocr_line' id='line_1_9' title="bbox 121 756 966 826; baseline 0.001 -18"><span class='ocrx_word' id='word_1_63' title='bbox 121 761 183 808; x_wconf 89' lang='lat' dir='ltr'>tum</span> <span class='ocrx_word' id='word_1_64' title='bbox 197 773 262 809; x_wconf 89' lang='lat' dir='ltr'>vero</span> <span class='ocrx_word' id='word_1_65' title='bbox 281 756 317 809; x_wconf 90' lang='lat' dir='ltr'>iis</span> <span class='ocrx_word' id='word_1_66' title='bbox 332 756 418 825; x_wconf 89' lang='lat' dir='ltr'>vitiis,</span> <span class='ocrx_word' id='word_1_67' title='bbox 433 756 535 824; x_wconf 87' lang='lat' dir='ltr'>quibus</span> <span class='ocrx_word' id='word_1_68' title='bbox 553 756 602 809; x_wconf 89' lang='lat' dir='ltr'>alii</span> <span class='ocrx_word' id='word_1_69' title='bbox 618 773 675 808; x_wconf 90' lang='lat' dir='ltr'>non</span> <span class='ocrx_word' id='word_1_70' title='bbox 690 756 772 809; x_wconf 85' lang='lat' dir='ltr'>facile</span> <span class='ocrx_word' id='word_1_71' title='bbox 787 762 904 826; x_wconf 83' lang='lat' dir='ltr'><strong>possunt</strong></span> <span class='ocrx_word' id='word_1_72' title='bbox 918 758 966 809; x_wconf 81' lang='lat' dir='ltr'>ob</span> 
     </span>
    </p>
   </div>
   <div class='ocr_carea' id='block_1_6' title="bbox 121 836 1027 917">
    <p class='ocr_par' dir='ltr' id='par_1_6' title="bbox 121 836 1027 917">
     <span class='ocr_line' id='line_1_10' title="bbox 121 836 1027 917; baseline -0.001 -28"><span class='ocrx_word' id='word_1_73' title='bbox 121 836 223 890; x_wconf 83' lang='lat' dir='ltr'>sistere.</span> <span class='ocrx_word' id='word_1_74' title='bbox 268 838 343 889; x_wconf 91' lang='lat' dir='ltr'>Nam</span> <span class='ocrx_word' id='word_1_75' title='bbox 367 842 395 889; x_wconf 89' lang='lat' dir='ltr'>et</span> <span class='ocrx_word' id='word_1_76' title='bbox 417 837 585 917; x_wconf 71' lang='lat' dir='ltr'>vpluptates,</span> <span class='ocrx_word' id='word_1_77' title='bbox 605 836 802 889; x_wconf 84' lang='lat' dir='ltr'>blandissimae</span> <span class='ocrx_word' id='word_1_78' title='bbox 827 836 965 915; x_wconf 63' lang='lat' dir='ltr'>d⁰Q‚</span> <span class='ocrx_word' id='word_1_79' title='bbox 1025 900 1027 905; x_wconf 88' lang='lat'><em>.</em></span> 
     </span>
    </p>
   </div>
   <div class='ocr_carea' id='block_1_7' title="bbox 120 908 976 2052">
    <p class='ocr_par' dir='ltr' id='par_1_7' title="bbox 120 908 976 2052">
     <span class='ocr_line' id='line_1_11' title="bbox 121 908 966 986; baseline 0.001 -17"><span class='ocrx_word' id='word_1_80' title='bbox 121 916 234 969; x_wconf 91' lang='lat' dir='ltr'>maioris</span> <span class='ocrx_word' id='word_1_81' title='bbox 246 916 334 986; x_wconf 87' lang='lat' dir='ltr'>partis</span> <span class='ocrx_word' id='word_1_82' title='bbox 346 917 454 969; x_wconf 91' lang='lat' dir='ltr'>animos</span> <span class='ocrx_word' id='word_1_83' title='bbox 467 912 489 968; x_wconf 57' lang='lat' dir='ltr'>a*</span> <span class='ocrx_word' id='word_1_84' title='bbox 493 914 596 969; x_wconf 78' lang='lat' dir='ltr'>virtute</span> <span class='ocrx_word' id='word_1_85' title='bbox 602 913 780 984; x_wconf 73' lang='lat' dir='ltr'>detorquent</span> <span class='ocrx_word' id='word_1_86' title='bbox 792 908 966 984; x_wconf 58' lang='lat' dir='ltr'>etsdolorum</span> 
     </span>
     <span class='ocr_line' id='line_1_12' title="bbox 121 995 964 1066; baseline 0.001 -17"><span class='ocrx_word' id='word_1_87' title='bbox 121 1013 185 1049; x_wconf 89' lang='lat' dir='ltr'>eum</span> <span class='ocrx_word' id='word_1_88' title='bbox 205 997 391 1049; x_wconf 88' lang='lat' dir='ltr'>admoventur</span> <span class='ocrx_word' id='word_1_89' title='bbox 410 995 492 1065; x_wconf 86' lang='lat' dir='ltr'>faces,</span> <span class='ocrx_word' id='word_1_90' title='bbox 507 1002 617 1065; x_wconf 87' lang='lat' dir='ltr'>praeter</span> <span class='ocrx_word' id='word_1_91' title='bbox 636 997 753 1049; x_wconf 89' lang='lat' dir='ltr'>modum</span> <span class='ocrx_word' id='word_1_92' title='bbox 771 996 898 1066; x_wconf 87' lang='lat' dir='ltr'>plerique</span> <span class='ocrx_word' id='word_1_93' title='bbox 919 1014 964 1050; x_wconf 89' lang='lat' dir='ltr'>ex·</span> 
     </span>
     <span class='ocr_line' id='line_1_13' title="bbox 120 1076 966 1146; baseline 0.001 -17"><span class='ocrx_word' id='word_1_94' title='bbox 120 1081 272 1130; x_wconf 88' lang='lat' dir='ltr'>terrentur:</span> <span class='ocrx_word' id='word_1_95' title='bbox 292 1076 359 1143; x_wconf 89' lang='lat' dir='ltr'>vita,</span> <span class='ocrx_word' id='word_1_96' title='bbox 369 1092 452 1145; x_wconf 88' lang='lat' dir='ltr'>mors,</span> <span class='ocrx_word' id='word_1_97' title='bbox 466 1076 592 1145; x_wconf 86' lang='lat' dir='ltr'>divitiae,</span> <span class='ocrx_word' id='word_1_98' title='bbox 603 1082 753 1146; x_wconf 89' lang='lat' dir='ltr'>paupertas</span> <span class='ocrx_word' id='word_1_99' title='bbox 768 1094 864 1130; x_wconf 89' lang='lat' dir='ltr'>omnes</span> <span class='ocrx_word' id='word_1_100' title='bbox 878 1078 966 1130; x_wconf 92' lang='lat' dir='ltr'>homi-</span> 
     </span>
     <span class='ocr_line' id='line_1_14' title="bbox 121 1156 967 1226; baseline 0.002 -17"><span class='ocrx_word' id='word_1_101' title='bbox 121 1174 170 1209; x_wconf 91' lang='lat' dir='ltr'>nes</span> <span class='ocrx_word' id='word_1_102' title='bbox 185 1156 427 1210; x_wconf 88' lang='lat' dir='ltr'>vehementissime</span> <span class='ocrx_word' id='word_1_103' title='bbox 444 1164 616 1226; x_wconf 87' lang='lat' dir='ltr'>permovent.</span> <span class='ocrx_word' id='word_1_104' title='bbox 654 1158 732 1224; x_wconf 79' lang='lat' dir='ltr'>Quae</span> <span class='ocrx_word' id='word_1_105' title='bbox 751 1157 848 1226; x_wconf 91' lang='lat' dir='ltr'>quiin</span> <span class='ocrx_word' id='word_1_106' title='bbox 864 1163 967 1212; x_wconf 90' lang='lat' dir='ltr'>utram·</span> 
     </span>
     <span class='ocr_line' id='line_1_15' title="bbox 121 1239 966 1309; baseline 0.004 -19"><span class='ocrx_word' id='word_1_107' title='bbox 121 1254 177 1306; x_wconf 89' lang='lat' dir='ltr'>que</span> <span class='ocrx_word' id='word_1_108' title='bbox 206 1246 314 1308; x_wconf 80' lang='lat' dir='ltr'>partein</span> <span class='ocrx_word' id='word_1_109' title='bbox 342 1241 452 1291; x_wconf 88' lang='lat' dir='ltr'>excelso</span> <span class='ocrx_word' id='word_1_110' title='bbox 483 1239 578 1292; x_wconf 90' lang='lat' dir='ltr'>animo</span> <span class='ocrx_word' id='word_1_111' title='bbox 608 1256 768 1309; x_wconf 86' lang='lat' dir='ltr'>magnoque</span> <span class='ocrx_word' id='word_1_112' title='bbox 798 1240 966 1309; x_wconf 85' lang='lat' dir='ltr'>despiciunt,</span> 
     </span>
     <span class='ocr_line' id='line_1_16' title="bbox 121 1319 966 1390; baseline 0.004 -19"><span class='ocrx_word' id='word_1_113' title='bbox 121 1334 240 1387; x_wconf 91' lang='lat' dir='ltr'>eumque</span> <span class='ocrx_word' id='word_1_114' title='bbox 260 1319 355 1387; x_wconf 89' lang='lat' dir='ltr'>aliqua</span> <span class='ocrx_word' id='word_1_115' title='bbox 371 1320 407 1371; x_wconf 94' lang='lat' dir='ltr'>iis</span> <span class='ocrx_word' id='word_1_116' title='bbox 425 1320 519 1389; x_wconf 89' lang='lat' dir='ltr'>ampla</span> <span class='ocrx_word' id='word_1_117' title='bbox 537 1325 567 1373; x_wconf 88' lang='lat' dir='ltr'>et</span> <span class='ocrx_word' id='word_1_118' title='bbox 584 1320 704 1372; x_wconf 89' lang='lat' dir='ltr'>honesta</span> <span class='ocrx_word' id='word_1_119' title='bbox 722 1336 766 1372; x_wconf 88' lang='lat' dir='ltr'>res</span> <span class='ocrx_word' id='word_1_120' title='bbox 786 1320 897 1374; x_wconf 87' lang='lat' dir='ltr'>obiecta</span> <span class='ocrx_word' id='word_1_121' title='bbox 914 1326 966 1390; x_wconf 88' lang='lat' dir='ltr'>est,</span> 
     </span>
     <span class='ocr_line' id='line_1_17' title="bbox 121 1399 967 1468; baseline 0.001 -17"><span class='ocrx_word' id='word_1_122' title='bbox 121 1404 196 1452; x_wconf 87' lang='lat' dir='ltr'>totos</span> <span class='ocrx_word' id='word_1_123' title='bbox 215 1401 297 1453; x_wconf 89' lang='lat' dir='ltr'>adse</span> <span class='ocrx_word' id='word_1_124' title='bbox 315 1400 454 1453; x_wconf 87' lang='lat' dir='ltr'>convertit</span> <span class='ocrx_word' id='word_1_125' title='bbox 469 1405 497 1451; x_wconf 90' lang='lat' dir='ltr'>et</span> <span class='ocrx_word' id='word_1_126' title='bbox 510 1399 601 1468; x_wconf 87' lang='lat' dir='ltr'>rapit:</span> <span class='ocrx_word' id='word_1_127' title='bbox 619 1404 681 1452; x_wconf 87' lang='lat' dir='ltr'>tum</span> <span class='ocrx_word' id='word_1_128' title='bbox 697 1399 761 1466; x_wconf 89' lang='lat' dir='ltr'>quis</span> <span class='ocrx_word' id='word_1_129' title='bbox 779 1416 836 1452; x_wconf 93' lang='lat' dir='ltr'>non</span> <span class='ocrx_word' id='word_1_130' title='bbox 850 1400 967 1454; x_wconf 90' lang='lat' dir='ltr'>admire-</span> 
     </span>
     <span class='ocr_line' id='line_1_18' title="bbox 120 1478 965 1553; baseline 0.002 -20"><span class='ocrx_word' id='word_1_131' title='bbox 120 1484 167 1533; x_wconf 90' lang='lat' dir='ltr'>tur</span> <span class='ocrx_word' id='word_1_132' title='bbox 179 1480 357 1551; x_wconf 84' lang='lat' dir='ltr'>splendorem</span> <span class='ocrx_word' id='word_1_133' title='bbox 368 1479 664 1548; x_wconf 87' lang='lat' dir='ltr'>pulchritudinemque</span> <span class='ocrx_word' id='word_1_134' title='bbox 676 1478 808 1553; x_wconf 76' lang='lat' dir='ltr'>virtptisl</span> <span class='ocrx_word' id='word_1_135' title='bbox 838 1481 888 1534; x_wconf 92' lang='lat' dir='ltr'>XI.</span> <span class='ocrx_word' id='word_1_136' title='bbox 923 1484 965 1536; x_wconf 85' lang='lat'>38.</span> 
     </span>
     <span class='ocr_line' id='line_1_19' title="bbox 120 1550 967 1631; baseline 0 -18"><span class='ocrx_word' id='word_1_137' title='bbox 120 1562 197 1629; x_wconf 86' lang='lat' dir='ltr'>Ergo</span> <span class='ocrx_word' id='word_1_138' title='bbox 210 1552 320 1612; x_wconf 81' lang='lat' dir='ltr'>ethaeo</span> <span class='ocrx_word' id='word_1_139' title='bbox 333 1552 426 1612; x_wconf 62' lang='lat' dir='ltr'>anir‘ni&#39;</span> <span class='ocrx_word' id='word_1_140' title='bbox 432 1550 878 1629; x_wconf 46' lang='lat' dir='ltr'>despicienda—admirabilitatem</span> <span class='ocrx_word' id='word_1_141' title='bbox 891 1578 967 1631; x_wconf 89' lang='lat' dir='ltr'>mag-</span> 
     </span>
     <span class='ocr_line' id='line_1_20' title="bbox 121 1640 966 1710; baseline 0.002 -17"><span class='ocrx_word' id='word_1_142' title='bbox 121 1657 187 1693; x_wconf 89' lang='lat' dir='ltr'>nam</span> <span class='ocrx_word' id='word_1_143' title='bbox 199 1640 269 1693; x_wconf 81' lang='lat' dir='ltr'>iacit</span> <span class='ocrx_word' id='word_1_144' title='bbox 281 1645 309 1693; x_wconf 92' lang='lat' dir='ltr'>et</span> <span class='ocrx_word' id='word_1_145' title='bbox 321 1641 441 1694; x_wconf 87' lang='lat' dir='ltr'>maxime</span> <span class='ocrx_word' id='word_1_146' title='bbox 455 1640 571 1709; x_wconf 86' lang='lat' dir='ltr'>iustitia,</span> <span class='ocrx_word' id='word_1_147' title='bbox 584 1657 620 1693; x_wconf 90' lang='lat' dir='ltr'>ex</span> <span class='ocrx_word' id='word_1_148' title='bbox 634 1657 690 1710; x_wconf 90' lang='lat' dir='ltr'>qua</span> <span class='ocrx_word' id='word_1_149' title='bbox 704 1657 761 1693; x_wconf 88' lang='lat' dir='ltr'>una</span> <span class='ocrx_word' id='word_1_150' title='bbox 772 1640 876 1695; x_wconf 84' lang='lat' dir='ltr'>virtute</span> <span class='ocrx_word' id='word_1_151' title='bbox 889 1643 966 1697; x_wconf 79' lang='lat' dir='ltr'>“viri</span> 
     </span>
     <span class='ocr_line' id='line_1_21' title="bbox 121 1721 967 1791; baseline 0.002 -16"><span class='ocrx_word' id='word_1_152' title='bbox 121 1721 214 1775; x_wconf 85' lang='lat' dir='ltr'>boni”</span> <span class='ocrx_word' id='word_1_153' title='bbox 234 1723 419 1791; x_wconf 78' lang='lat' dir='ltr'>appellantur,</span> <span class='ocrx_word' id='word_1_154' title='bbox 434 1722 552 1775; x_wconf 84' lang='lat' dir='ltr'>mirifica</span> <span class='ocrx_word' id='word_1_155' title='bbox 573 1722 712 1790; x_wconf 88' lang='lat' dir='ltr'>quaedam</span> <span class='ocrx_word' id='word_1_156' title='bbox 731 1722 909 1775; x_wconf 90' lang='lat' dir='ltr'>multitudini</span> <span class='ocrx_word' id='word_1_157' title='bbox 927 1724 967 1777; x_wconf 87' lang='lat' dir='ltr'>vi·</span> 
     </span>
     <span class='ocr_line' id='line_1_22' title="bbox 122 1802 976 1910; baseline 0.002 -56"><span class='ocrx_word' id='word_1_158' title='bbox 122 1803 211 1871; x_wconf 89' lang='lat' dir='ltr'>detur,</span> <span class='ocrx_word' id='word_1_159' title='bbox 225 1818 276 1855; x_wconf 85' lang='lat' dir='ltr'>nee</span> <span class='ocrx_word' id='word_1_160' title='bbox 288 1802 398 1857; x_wconf 85' lang='lat' dir='ltr'>iniuria.</span> <span class='ocrx_word' id='word_1_161' title='bbox 436 1803 527 1855; x_wconf 86' lang='lat' dir='ltr'>Nemo</span> <span class='ocrx_word' id='word_1_162' title='bbox 542 1803 617 1855; x_wconf 90' lang='lat' dir='ltr'>enim</span> <span class='ocrx_word' id='word_1_163' title='bbox 629 1802 719 1855; x_wconf 91' lang='lat' dir='ltr'>iustus</span> <span class='ocrx_word' id='word_1_164' title='bbox 732 1819 790 1855; x_wconf 86' lang='lat' dir='ltr'>esse</span> <span class='ocrx_word' id='word_1_165' title='bbox 803 1809 904 1871; x_wconf 88' lang='lat' dir='ltr'>potest,</span> <span class='ocrx_word' id='word_1_166' title='bbox 918 1804 976 1910; x_wconf 57' lang='lat' dir='ltr'>quiq</span> 
     </span>
     <span class='ocr_line' id='line_1_23' title="bbox 121 1883 974 1969; baseline -0.001 -32"><span class='ocrx_word' id='word_1_167' title='bbox 121 1889 247 1950; x_wconf 91' lang='lat' dir='ltr'>mortem,</span> <span class='ocrx_word' id='word_1_168' title='bbox 264 1884 313 1950; x_wconf 92' lang='lat' dir='ltr'>qui</span> <span class='ocrx_word' id='word_1_169' title='bbox 331 1884 465 1951; x_wconf 91' lang='lat' dir='ltr'>dolorem,</span> <span class='ocrx_word' id='word_1_170' title='bbox 479 1884 528 1951; x_wconf 91' lang='lat' dir='ltr'>qui</span> <span class='ocrx_word' id='word_1_171' title='bbox 545 1883 684 1950; x_wconf 86' lang='lat' dir='ltr'>exsilium,</span> <span class='ocrx_word' id='word_1_172' title='bbox 698 1883 748 1951; x_wconf 93' lang='lat' dir='ltr'>qui</span> <span class='ocrx_word' id='word_1_173' title='bbox 766 1889 918 1951; x_wconf 86' lang='lat' dir='ltr'>egestatem</span> <span class='ocrx_word' id='word_1_174' title='bbox 933 1886 974 1969; x_wconf 59' lang='lat' dir='ltr'>ti-¹</span> 
     </span>
     <span class='ocr_line' id='line_1_24' title="bbox 121 1962 975 2052; baseline 0 -36"><span class='ocrx_word' id='word_1_175' title='bbox 121 1970 179 2017; x_wconf 88' lang='lat' dir='ltr'>met</span> <span class='ocrx_word' id='word_1_176' title='bbox 191 1968 239 2015; x_wconf 86' lang='lat' dir='ltr'>aut</span> <span class='ocrx_word' id='word_1_177' title='bbox 251 1964 300 2030; x_wconf 93' lang='lat' dir='ltr'>qui</span> <span class='ocrx_word' id='word_1_178' title='bbox 313 1980 353 2031; x_wconf 87' lang='lat' dir='ltr'>ea,</span> <span class='ocrx_word' id='word_1_179' title='bbox 364 1980 435 2031; x_wconf 87' lang='lat' dir='ltr'>quae</span> <span class='ocrx_word' id='word_1_180' title='bbox 447 1971 512 2015; x_wconf 88' lang='lat' dir='ltr'>sunt</span> <span class='ocrx_word' id='word_1_181' title='bbox 524 1962 570 2015; x_wconf 87' lang='lat' dir='ltr'>his</span> <span class='ocrx_word' id='word_1_182' title='bbox 582 1962 729 2030; x_wconf 79' lang='lat' dir='ltr'>contraria,</span> <span class='ocrx_word' id='word_1_183' title='bbox 743 1962 879 2030; x_wconf 87' lang='lat' dir='ltr'>aequitati</span> <span class='ocrx_word' id='word_1_184' title='bbox 891 1970 975 2052; x_wconf 57' lang='lat' dir='ltr'>ante-q</span> 
     </span>
    </p>
   </div>
   <div class='ocr_carea' id='block_1_8' title="bbox 121 2042 1008 2113">
    <p class='ocr_par' dir='ltr' id='par_1_8' title="bbox 121 2042 1008 2113">
     <span class='ocr_line' id='line_1_25' title="bbox 121 2042 1008 2113; baseline -0.001 -17"><span class='ocrx_word' id='word_1_185' title='bbox 121 2042 211 2113; x_wconf 92' lang='lat' dir='ltr'>ponit.</span> <span class='ocrx_word' id='word_1_186' title='bbox 247 2042 425 2110; x_wconf 83' lang='lat' dir='ltr'>Maximeque</span> <span class='ocrx_word' id='word_1_187' title='bbox 440 2042 617 2095; x_wconf 89' lang='lat' dir='ltr'>admirantur</span> <span class='ocrx_word' id='word_1_188' title='bbox 631 2058 702 2108; x_wconf 90' lang='lat' dir='ltr'>eum,</span> <span class='ocrx_word' id='word_1_189' title='bbox 716 2042 766 2111; x_wconf 92' lang='lat' dir='ltr'>qui</span> <span class='ocrx_word' id='word_1_190' title='bbox 778 2042 897 2111; x_wconf 84' lang='lat' dir='ltr'>pecunia</span> <span class='ocrx_word' id='word_1_191' title='bbox 911 2055 975 2095; x_wconf 79' lang='lat' dir='ltr'>nou‘</span> <span class='ocrx_word' id='word_1_192' title='bbox 997 2054 1008 2083; x_wconf 83' lang='lat' dir='ltr'>v</span> 
     </span>
    </p>
   </div>
   <div class='ocr_carea' id='block_1_9' title="bbox 56 2120 975 3241">
    <p class='ocr_par' dir='ltr' id='par_1_9' title="bbox 121 2120 975 2679">
     <span class='ocr_line' id='line_1_26' title="bbox 121 2120 974 2192; baseline -0.002 -15"><span class='ocrx_word' id='word_1_193' title='bbox 121 2126 257 2189; x_wconf 86' lang='lat' dir='ltr'>movetur,</span> <span class='ocrx_word' id='word_1_194' title='bbox 270 2122 347 2191; x_wconf 90' lang='lat' dir='ltr'>quod</span> <span class='ocrx_word' id='word_1_195' title='bbox 361 2122 392 2174; x_wconf 91' lang='lat' dir='ltr'>in</span> <span class='ocrx_word' id='word_1_196' title='bbox 407 2137 465 2190; x_wconf 93' lang='lat' dir='ltr'>quo</span> <span class='ocrx_word' id='word_1_197' title='bbox 480 2120 541 2173; x_wconf 90' lang='lat' dir='ltr'>viro</span> <span class='ocrx_word' id='word_1_198' title='bbox 559 2127 736 2190; x_wconf 87' lang='lat' dir='ltr'>perspectum</span> <span class='ocrx_word' id='word_1_199' title='bbox 755 2121 800 2190; x_wconf 89' lang='lat' dir='ltr'>sit,</span> <span class='ocrx_word' id='word_1_200' title='bbox 813 2123 889 2175; x_wconf 89' lang='lat' dir='ltr'>hunc</span> <span class='ocrx_word' id='word_1_201' title='bbox 908 2122 974 2192; x_wconf 58' lang='lat' dir='ltr'>igni.</span> 
     </span>
     <span class='ocr_line' id='line_1_27' title="bbox 122 2193 975 2274; baseline 0 -17"><span class='ocrx_word' id='word_1_202' title='bbox 122 2208 279 2274; x_wconf 90' lang='lat' dir='ltr'>spectatum</span> <span class='ocrx_word' id='word_1_203' title='bbox 298 2202 479 2257; x_wconf 88' lang='lat' dir='ltr'>arbitrantur.</span> <span class='ocrx_word' id='word_1_204' title='bbox 516 2203 618 2271; x_wconf 90' lang='lat' dir='ltr'>Itaque</span> <span class='ocrx_word' id='word_1_205' title='bbox 636 2202 686 2254; x_wconf 90' lang='lat' dir='ltr'>illa</span> <span class='ocrx_word' id='word_1_206' title='bbox 704 2202 765 2270; x_wconf 89' lang='lat' dir='ltr'>tria,</span> <span class='ocrx_word' id='word_1_207' title='bbox 779 2218 850 2270; x_wconf 85' lang='lat' dir='ltr'>quae</span> <span class='ocrx_word' id='word_1_208' title='bbox 869 2193 975 2274; x_wconf 74' lang='lat' dir='ltr'>propo-⁸</span> 
     </span>
     <span class='ocr_line' id='line_1_28' title="bbox 121 2282 968 2364; baseline 0.001 -26"><span class='ocrx_word' id='word_1_209' title='bbox 121 2286 175 2339; x_wconf 88' lang='lat' dir='ltr'>sita</span> <span class='ocrx_word' id='word_1_210' title='bbox 197 2289 261 2336; x_wconf 90' lang='lat' dir='ltr'>sunt</span> <span class='ocrx_word' id='word_1_211' title='bbox 282 2285 320 2337; x_wconf 88' lang='lat' dir='ltr'>ad</span> <span class='ocrx_word' id='word_1_212' title='bbox 341 2283 469 2353; x_wconf 85' lang='lat' dir='ltr'>gloriam,</span> <span class='ocrx_word' id='word_1_213' title='bbox 487 2282 583 2336; x_wconf 90' lang='lat' dir='ltr'>omnia</span> <span class='ocrx_word' id='word_1_214' title='bbox 604 2282 714 2335; x_wconf 89' lang='lat' dir='ltr'>iustitia</span> <span class='ocrx_word' id='word_1_215' title='bbox 734 2283 855 2351; x_wconf 87' lang='lat' dir='ltr'>conficit,</span> <span class='ocrx_word' id='word_1_216' title='bbox 874 2290 903 2337; x_wconf 90' lang='lat' dir='ltr'>et</span> <span class='ocrx_word' id='word_1_217' title='bbox 924 2287 968 2364; x_wconf 54' lang='lat' dir='ltr'>be:</span> 
     </span>
     <span class='ocr_line' id='line_1_29' title="bbox 121 2357 968 2440; baseline 0.002 -21"><span class='ocrx_word' id='word_1_218' title='bbox 121 2365 411 2440; x_wconf 71' lang='lat' dir='ltr'>nevolentianr,&#39;qnod</span> <span class='ocrx_word' id='word_1_219' title='bbox 425 2365 558 2434; x_wconf 87' lang='lat' dir='ltr'>prodesse</span> <span class='ocrx_word' id='word_1_220' title='bbox 573 2366 635 2418; x_wconf 85' lang='lat' dir='ltr'>vult</span> <span class='ocrx_word' id='word_1_221' title='bbox 649 2364 788 2434; x_wconf 88' lang='lat' dir='ltr'>plurimis,</span> <span class='ocrx_word' id='word_1_222' title='bbox 801 2371 829 2420; x_wconf 92' lang='lat' dir='ltr'>et</span> <span class='ocrx_word' id='word_1_223' title='bbox 843 2367 880 2420; x_wconf 92' lang='lat' dir='ltr'>ob</span> <span class='ocrx_word' id='word_1_224' title='bbox 897 2357 968 2421; x_wconf 79' lang='lat' dir='ltr'>eam·</span> 
     </span>
     <span class='ocr_line' id='line_1_30' title="bbox 121 2435 969 2523; baseline 0.002 -23"><span class='ocrx_word' id='word_1_225' title='bbox 121 2435 199 2501; x_wconf 58' lang='lat' dir='ltr'>&lt;iem</span> <span class='ocrx_word' id='word_1_226' title='bbox 212 2462 323 2499; x_wconf 88' lang='lat' dir='ltr'>causam</span> <span class='ocrx_word' id='word_1_227' title='bbox 344 2446 431 2522; x_wconf 60' lang='lat' dir='ltr'>fidem</span> <span class='ocrx_word' id='word_1_228' title='bbox 456 2452 485 2499; x_wconf 92' lang='lat' dir='ltr'>et</span> <span class='ocrx_word' id='word_1_229' title='bbox 510 2446 736 2523; x_wconf 67' lang='lat' dir='ltr'>admiratiopem,</span> <span class='ocrx_word' id='word_1_230' title='bbox 754 2448 833 2514; x_wconf 87' lang='lat' dir='ltr'>quod</span> <span class='ocrx_word' id='word_1_231' title='bbox 857 2464 902 2502; x_wconf 88' lang='lat' dir='ltr'>eas</span> <span class='ocrx_word' id='word_1_232' title='bbox 925 2466 969 2503; x_wconf 91' lang='lat' dir='ltr'>res</span> 
     </span>
     <span class='ocr_line' id='line_1_31' title="bbox 121 2527 968 2598; baseline 0.002 -18"><span class='ocrx_word' id='word_1_233' title='bbox 121 2527 229 2597; x_wconf 90' lang='lat' dir='ltr'>spernit</span> <span class='ocrx_word' id='word_1_234' title='bbox 245 2534 273 2581; x_wconf 91' lang='lat' dir='ltr'>et</span> <span class='ocrx_word' id='word_1_235' title='bbox 291 2527 427 2597; x_wconf 83' lang='lat' dir='ltr'>neglegit,</span> <span class='ocrx_word' id='word_1_236' title='bbox 440 2528 478 2581; x_wconf 92' lang='lat' dir='ltr'>ad</span> <span class='ocrx_word' id='word_1_237' title='bbox 494 2544 566 2597; x_wconf 90' lang='lat' dir='ltr'>quas</span> <span class='ocrx_word' id='word_1_238' title='bbox 583 2528 710 2598; x_wconf 86' lang='lat' dir='ltr'>plerique</span> <span class='ocrx_word' id='word_1_239' title='bbox 729 2527 896 2582; x_wconf 85' lang='lat' dir='ltr'>inflammati</span> <span class='ocrx_word' id='word_1_240' title='bbox 912 2530 968 2583; x_wconf 87' lang='lat' dir='ltr'>avi·</span> 
     </span>
     <span class='ocr_line' id='line_1_32' title="bbox 121 2608 378 2679; baseline 0 -18"><span class='ocrx_word' id='word_1_241' title='bbox 121 2609 210 2661; x_wconf 87' lang='lat' dir='ltr'>ditate</span> <span class='ocrx_word' id='word_1_242' title='bbox 223 2608 378 2679; x_wconf 88' lang='lat' dir='ltr'>rapiuntur.</span> 
     </span>
    </p>

    <p class='ocr_par' dir='ltr' id='par_1_10' title="bbox 56 2688 969 3241">
     <span class='ocr_line' id='line_1_33' title="bbox 157 2688 969 2757; baseline 0.001 -17"><span class='ocrx_word' id='word_1_243' title='bbox 157 2691 198 2743; x_wconf 83' lang='lat'>39.</span> <span class='ocrx_word' id='word_1_244' title='bbox 218 2688 261 2741; x_wconf 84' lang='lat' dir='ltr'>Ac</span> <span class='ocrx_word' id='word_1_245' title='bbox 275 2705 337 2742; x_wconf 89' lang='lat' dir='ltr'>mea</span> <span class='ocrx_word' id='word_1_246' title='bbox 350 2688 465 2756; x_wconf 87' lang='lat' dir='ltr'>quidem</span> <span class='ocrx_word' id='word_1_247' title='bbox 481 2688 621 2743; x_wconf 88' lang='lat' dir='ltr'>sententia</span> <span class='ocrx_word' id='word_1_248' title='bbox 636 2688 728 2741; x_wconf 90' lang='lat' dir='ltr'>omnis</span> <span class='ocrx_word' id='word_1_249' title='bbox 742 2688 813 2742; x_wconf 91' lang='lat' dir='ltr'>ratio</span> <span class='ocrx_word' id='word_1_250' title='bbox 829 2692 914 2757; x_wconf 91' lang='lat' dir='ltr'>atque</span> <span class='ocrx_word' id='word_1_251' title='bbox 928 2690 969 2742; x_wconf 90' lang='lat' dir='ltr'>in-</span> 
     </span>
     <span class='ocr_line' id='line_1_34' title="bbox 120 2768 969 2838; baseline 0 -16"><span class='ocrx_word' id='word_1_252' title='bbox 120 2768 232 2822; x_wconf 85' lang='lat' dir='ltr'>stitutio</span> <span class='ocrx_word' id='word_1_253' title='bbox 251 2769 327 2823; x_wconf 90' lang='lat' dir='ltr'>vitae</span> <span class='ocrx_word' id='word_1_254' title='bbox 346 2768 508 2822; x_wconf 89' lang='lat' dir='ltr'>adiumenta</span> <span class='ocrx_word' id='word_1_255' title='bbox 527 2769 676 2821; x_wconf 88' lang='lat' dir='ltr'>hominum</span> <span class='ocrx_word' id='word_1_256' title='bbox 696 2768 846 2837; x_wconf 87' lang='lat' dir='ltr'>desiderat,</span> <span class='ocrx_word' id='word_1_257' title='bbox 864 2770 894 2821; x_wconf 89' lang='lat' dir='ltr'>in</span> <span class='ocrx_word' id='word_1_258' title='bbox 913 2770 969 2838; x_wconf 89' lang='lat' dir='ltr'>pri-</span> 
     </span>
     <span class='ocr_line' id='line_1_35' title="bbox 56 2847 968 2917; baseline 0 -16"><span class='ocrx_word' id='word_1_259' title='bbox 56 2878 62 2891; x_wconf 79' lang='lat'>=</span> <span class='ocrx_word' id='word_1_260' title='bbox 120 2848 237 2916; x_wconf 88' lang='lat' dir='ltr'>misque,</span> <span class='ocrx_word' id='word_1_261' title='bbox 255 2854 287 2901; x_wconf 93' lang='lat' dir='ltr'>ut</span> <span class='ocrx_word' id='word_1_262' title='bbox 308 2849 411 2903; x_wconf 90' lang='lat' dir='ltr'>habeat</span> <span class='ocrx_word' id='word_1_263' title='bbox 433 2848 602 2917; x_wconf 85' lang='lat' dir='ltr'>quibuscum</span> <span class='ocrx_word' id='word_1_264' title='bbox 622 2848 713 2917; x_wconf 89' lang='lat' dir='ltr'>possit</span> <span class='ocrx_word' id='word_1_265' title='bbox 733 2847 883 2901; x_wconf 84' lang='lat' dir='ltr'>familiares</span> <span class='ocrx_word' id='word_1_266' title='bbox 905 2865 968 2901; x_wconf 89' lang='lat' dir='ltr'>con·</span> 
     </span>
     <span class='ocr_line' id='line_1_36' title="bbox 120 2928 968 2998; baseline 0 -16"><span class='ocrx_word' id='word_1_267' title='bbox 120 2930 193 2982; x_wconf 86' lang='lat' dir='ltr'>ferre</span> <span class='ocrx_word' id='word_1_268' title='bbox 213 2944 367 2983; x_wconf 86' lang='lat' dir='ltr'>sermones:</span> <span class='ocrx_word' id='word_1_269' title='bbox 387 2931 465 2997; x_wconf 86' lang='lat' dir='ltr'>quod</span> <span class='ocrx_word' id='word_1_270' title='bbox 485 2935 526 2981; x_wconf 86' lang='lat' dir='ltr'>est</span> <span class='ocrx_word' id='word_1_271' title='bbox 547 2928 671 2995; x_wconf 86' lang='lat' dir='ltr'>difficile,</span> <span class='ocrx_word' id='word_1_272' title='bbox 688 2928 744 2980; x_wconf 91' lang='lat' dir='ltr'>nisi</span> <span class='ocrx_word' id='word_1_273' title='bbox 764 2930 883 2998; x_wconf 90' lang='lat' dir='ltr'>speciem</span> <span class='ocrx_word' id='word_1_274' title='bbox 901 2946 968 2998; x_wconf 91' lang='lat' dir='ltr'>prae</span> 
     </span>
     <span class='ocr_line' id='line_1_37' title="bbox 120 3008 969 3078; baseline -0.002 -15"><span class='ocrx_word' id='word_1_275' title='bbox 120 3015 149 3063; x_wconf 89' lang='lat' dir='ltr'>te</span> <span class='ocrx_word' id='word_1_276' title='bbox 164 3008 232 3061; x_wconf 89' lang='lat' dir='ltr'>boni</span> <span class='ocrx_word' id='word_1_277' title='bbox 244 3008 299 3060; x_wconf 86' lang='lat' dir='ltr'>viri</span> <span class='ocrx_word' id='word_1_278' title='bbox 311 3008 389 3063; x_wconf 86' lang='lat' dir='ltr'>feras.</span> <span class='ocrx_word' id='word_1_279' title='bbox 426 3011 503 3078; x_wconf 81' lang='lat' dir='ltr'>Ergo</span> <span class='ocrx_word' id='word_1_280' title='bbox 518 3009 604 3061; x_wconf 87' lang='lat' dir='ltr'>etiam</span> <span class='ocrx_word' id='word_1_281' title='bbox 619 3009 746 3061; x_wconf 86' lang='lat' dir='ltr'>solitario</span> <span class='ocrx_word' id='word_1_282' title='bbox 760 3009 868 3061; x_wconf 90' lang='lat' dir='ltr'>homini</span> <span class='ocrx_word' id='word_1_283' title='bbox 885 3014 969 3077; x_wconf 87' lang='lat' dir='ltr'>atque</span> 
     </span>
     <span class='ocr_line' id='line_1_38' title="bbox 120 3086 968 3160; baseline -0.002 -17"><span class='ocrx_word' id='word_1_284' title='bbox 120 3090 151 3143; x_wconf 94' lang='lat' dir='ltr'>iu</span> <span class='ocrx_word' id='word_1_285' title='bbox 174 3104 243 3160; x_wconf 86' lang='lat' dir='ltr'>agro</span> <span class='ocrx_word' id='word_1_286' title='bbox 261 3088 349 3141; x_wconf 89' lang='lat' dir='ltr'>vitam</span> <span class='ocrx_word' id='word_1_287' title='bbox 369 3090 465 3158; x_wconf 87' lang='lat' dir='ltr'>agenti</span> <span class='ocrx_word' id='word_1_288' title='bbox 484 3088 582 3158; x_wconf 92' lang='lat' dir='ltr'>opinio</span> <span class='ocrx_word' id='word_1_289' title='bbox 602 3088 725 3141; x_wconf 87' lang='lat' dir='ltr'>iustitiae</span> <span class='ocrx_word' id='word_1_290' title='bbox 745 3086 899 3140; x_wconf 87' lang='lat' dir='ltr'>necessaria</span> <span class='ocrx_word' id='word_1_291' title='bbox 918 3095 968 3153; x_wconf 89' lang='lat' dir='ltr'>est,</span> 
     </span>
     <span class='ocr_line' id='line_1_39' title="bbox 120 3167 968 3241; baseline -0.004 -15"><span class='ocrx_word' id='word_1_292' title='bbox 120 3186 210 3241; x_wconf 87' lang='lat' dir='ltr'>eoque</span> <span class='ocrx_word' id='word_1_293' title='bbox 224 3169 310 3225; x_wconf 88' lang='lat' dir='ltr'>etiam</span> <span class='ocrx_word' id='word_1_294' title='bbox 322 3170 419 3240; x_wconf 85' lang='lat' dir='ltr'>magis,</span> <span class='ocrx_word' id='word_1_295' title='bbox 430 3170 517 3238; x_wconf 78' lang='lat' dir='ltr'>quod,</span> <span class='ocrx_word' id='word_1_296' title='bbox 528 3186 590 3223; x_wconf 89' lang='lat' dir='ltr'>eam</span> <span class='ocrx_word' id='word_1_297' title='bbox 602 3168 696 3222; x_wconf 85' lang='lat' dir='ltr'>sinon</span> <span class='ocrx_word' id='word_1_298' title='bbox 708 3168 863 3235; x_wconf 88' lang='lat' dir='ltr'>habebunt,</span> <span class='ocrx_word' id='word_1_299' title='bbox 872 3167 968 3223; x_wconf 87' lang='lat' dir='ltr'>iniusti</span> 
     </span>
    </p>
   </div>
   <div class='ocr_carea' id='block_1_10' title="bbox 0 0 1127 3542">
    <p class='ocr_par' dir='ltr' id='par_1_11' title="bbox 0 0 1127 3542">
     <span class='ocr_line' id='line_1_40' title="bbox 0 0 1127 3542; baseline 0 0"><span class='ocrx_word' id='word_1_300' title='bbox 0 0 1127 3542; x_wconf 95' lang='lat' dir='ltr'> </span> 
     </span>
    </p>
   </div>
   <div class='ocr_carea' id='block_1_11' title="bbox 1002 3422 1113 3494">
    <p class='ocr_par' dir='ltr' id='par_1_12' title="bbox 1002 3422 1113 3494">
     <span class='ocr_line' id='line_1_41' title="bbox 1002 3422 1113 3494; baseline 0 -2"><span class='ocrx_word' id='word_1_301' title='bbox 1002 3422 1113 3494; x_wconf 68' lang='lat' dir='ltr'><em>A</em></span> 
     </span>
    </p>
   </div>
  </div>
 </body>
</html>
