2242 3542
299 172 367 221 um.
385 171 417 234 1,,
434 172 512 222 eur.
529 172 711 234 xv.-xvu.‚
728 171 742 231 ς
757 174 845 221 aaa.
965 175 997 221 ra

155 256 218 307 tura
232 254 360 322 ferarum,
371 254 401 307 in
420 256 524 324 quibus
542 256 633 309 inesse
647 256 842 309 fortitudinem
859 273 942 326 saepe
957 257 996 309 di-

156 336 252 402 cimus,
266 342 298 388 ut
312 336 341 387 in
361 336 446 404 equiS,
460 337 490 388 iu
508 338 646 405 leonibuS,
659 338 805 404 iustitiam,
819 338 996 405 aequitatem,

157 417 310 471 bonitatem
319 433 377 470 non
387 417 506 470 dicimus
516 438 521 472 z
538 425 603 471 suut
614 418 688 470 euim
701 418 816 471 rationis
826 424 853 471 et
863 418 997 470 orationis

156 505 290 565 expertes,
329 500 370 551 51.
387 498 429 549 Ae
443 498 578 551 latissime
595 499 708 566 quidem
724 507 824 569 patens
836 499 997 551 hominibus

155 577 230 630 inter
243 578 326 647 ipsos,
338 579 467 631 omnibus
481 579 554 631 inter
567 596 664 633 omnes
679 581 796 633 societas
809 581 878 633 haee
891 584 947 633 est:
967 579 998 631 in

156 674 211 725 qua
237 658 362 711 omnium
384 675 573 727 rerumquae
598 661 635 712 ad
657 676 831 713 communem
852 660 998 712 hominnm

155 756 236 791 nsum
245 746 344 792 natura
356 741 462 809 genuit,
474 746 514 793 est
524 745 657 794 servanda
673 742 865 809 communitae,
876 747 915 806 nt,
926 757 998 807 quae

155 820 296 889 descripta
314 826 379 872 sunt
398 822 508 891 legibus
525 826 553 873 et
568 822 627 874 iure
645 822 730 890 civili,
744 824 813 875 haec
831 822 872 874 ita
886 828 997 873 tenean-

155 902 209 965 tur,
222 902 253 951 nt
272 898 308 951 sit
327 898 525 951 coustitutum:
546 915 561 950 e
579 899 681 965 quibus
697 900 767 967 ipsis
785 905 877 953 cetera
893 902 933 952 sie
951 901 997 953 ob

155 984 306 1047 serventur,
317 984 349 1031 ut
365 980 394 1030 in
412 978 580 1031 Graecorum
597 978 747 1047 proverbio
766 986 824 1033 est:
843 981 998 1035 Amicorum
1016 1008 1021 1066 1

155 1074 206 1109 ease
217 1058 368 1109 eommunia
381 1058 478 1111 omnio.
517 1058 618 1111 Omnia
631 1062 725 1110 autem
738 1057 897 1110 eommunia
908 1057 997 1109 homi-

155 1154 223 1189 num
231 1126 364 1192 videntur
373 1154 412 1204 ea,
422 1153 492 1205 quae
504 1142 569 1191 sunt
578 1139 688 1208 generis
697 1138 763 1205 eius,
773 1140 852 1206 quod
861 1140 897 1191 ab
905 1138 997 1191 Ennio

155 1218 279 1287 positum
290 1218 320 1270 in
333 1234 389 1270 una
402 1234 430 1270 re
439 1218 588 1272 ‘transferri
600 1219 630 1271 in
643 1222 796 1289 permultas
809 1225 916 1289 potest:
997 1210 999 1215 ’

297 1374 303 1385 .
317 1374 322 1385 .
336 1374 342 1385 .
354 1341 441 1397 homo,
453 1340 497 1397 qui
508 1341 603 1385 erranti
613 1341 722 1385 comiter
732 1341 860 1387 monstrat
871 1340 945 1399 viam,

213 1406 290 1462 Quasi
300 1408 386 1453 lumen
398 1407 429 1451 de
442 1419 489 1451 suo
501 1399 597 1452 lumine
607 1408 728 1453 accendat
739 1408 812 1453 lacit:

213 1474 300 1520 Nihilo
312 1476 397 1520 minus
408 1476 457 1533 ipsi
469 1477 547 1533 lueet,
559 1489 616 1521 eum
629 1477 667 1521 illl
677 1477 828 1522 accenderit.

156 1596 219 1648 Una
237 1610 272 1647 ex
290 1610 319 1647 re
341 1594 408 1647 setis
428 1594 606 1665 praecipitur,
620 1601 660 1663 ut,
674 1596 815 1665 quidquid
834 1596 893 1649 sine
913 1596 997 1649 detri-

155 1682 249 1729 mento
264 1676 435 1729 commodari
450 1676 546 1745 possit,
560 1677 592 1729 id
605 1677 745 1731 tribuatur
758 1679 802 1729 vel
814 1677 921 1747 ignoto.
953 1680 996 1730 52.

154 1758 199 1809 Ex
211 1773 266 1825 quo
279 1762 344 1809 suut
357 1757 406 1809 illa
418 1758 585 1826 eommunia,
595 1761 610 1787 “
620 1775 676 1810 non
689 1759 837 1828 probibere
850 1775 923 1828 aqua
935 1775 998 1828 pro-

155 1837 266 1905 fluente,
280 1838 340 1907 pati
355 1838 390 1889 ab
405 1837 471 1907 igne
486 1838 583 1907 ignem
598 1855 703 1908 capere,
717 1840 803 1908 siqui
818 1841 894 1907 velit,
908 1839 997 1892 eonsi-

155 1918 224 1971 lium
238 1918 321 1971 fidele
337 1918 505 1971 deliberanti
517 1920 612 1986 dare,‘'
626 1936 697 1987 quae
712 1926 778 1973 aunt
792 1920 828 1972 iia
845 1921 935 1986 utilia,
949 1920 996 1988 qni

155 1998 307 2067 accipiunt,
318 1998 397 2050 danti
411 2015 467 2050 non
483 2000 608 2052 molesta.
646 2000 707 2065 Qua
722 2017 751 2052 re
764 2005 792 2053 et
803 2001 849 2053 his
861 2002 997 2053 utendum

155 2082 197 2131 θεῖ
212 2084 240 2130 θῖ
254 2094 362 2146 semper
380 2078 489 2146 aliquid
504 2080 541 2131 ud
557 2094 732 2132 communem
750 2081 903 2133 utilitatem
921 2081 997 2133 adfe-

155 2159 281 2211 rendum.
311 2159 366 2211 Sed
377 2158 510 2226 quoniam
520 2159 618 2228 copiae
627 2176 730 2229 parvae
740 2161 914 2229 singulorum
923 2168 996 2229 sunt,

155 2256 251 2292 eorum
271 2245 372 2306 autem,
389 2239 438 2307 qui
457 2240 501 2291 111ε
520 2246 631 2310 egeant,
646 2241 757 2294 infinita
775 2248 817 2294 θεῖ
834 2242 996 2312 multitude,

154 2321 279 2390 vulgaris
291 2320 444 2373 liberalitas
456 2320 600 2375 referenda
611 2328 654 2375 est
663 2323 700 2376 ad
709 2324 789 2375 illum
801 2323 886 2375 Ennii
897 2324 995 2378 finem:

155 2401 249 2455 Nihilo
266 2402 357 2453 minua
376 2402 431 2469 ipsi
446 2401 520 2470 lueet,
534 2408 566 2456 ut
581 2402 700 2456 facultas
718 2404 756 2456 sit
770 2420 825 2473 qua
842 2404 873 2456 in
887 2410 997 2457 nostros

127 2480 129 2491 ⁴
155 2483 240 2535 simus
253 2482 388 2535 liberales,

189 2564 279 2618 XVII.
308 2564 349 2616 53.
371 2562 481 2616 Gradus
496 2568 590 2616 autem
604 2564 698 2633 plures
712 2569 777 2617 suut
793 2566 935 2619 societatis
947 2566 996 2618 ho

155 2643 268 2697 minum.
307 2645 346 2697 Ut
361 2644 434 2696 enim
453 2645 489 2697 ab
504 2645 553 2697 illa
572 2645 682 2699 infinit-a
700 2646 869 2715 discedatur,
882 2647 997 2716 propior

156 2730 197 2776 θεῖ
212 2724 336 2777 eiusdem
354 2725 456 2794 gentis,
467 2726 597 2792 nationis,
607 2725 729 2795 liuguae,
740 2743 795 2795 qua
812 2722 933 2781 maxime
948 2729 996 2780 ho·

155 2804 243 2856 minos
258 2804 481 2874 coniunguntur:
501 2806 618 2859 interius
633 2807 717 2859 etiam
736 2812 778 2859 est
796 2808 922 2860 eiusdem
939 2825 996 2860 esse

156 2883 286 2938 civitatis.
318 2887 408 2939 Multa
418 2887 492 2939 euim
505 2891 570 2939 eunt
583 2887 692 2940 civibus
700 2888 774 2940 inter
785 2904 813 2940 ee
824 2889 995 2943 communiat

156 2965 254 3032 forum,
263 2965 336 3032 fana,
346 2967 479 3035 portione,
489 2968 558 3035 viae,
567 2969 650 3037 leges,
658 2968 728 3034 iura,
736 2968 849 3034 indicia,
859 2968 995 3037 suffragia,

156 3046 372 3099 eonsuetudines
380 3053 521 3117 praeterea
529 3054 556 3100 et
565 3048 767 3102 familiaritates
775 3048 924 3115 multisque
933 3064 996 3099 oum

155 3126 251 3182 multia
266 3143 308 3181 ree
323 3127 501 3198 rationesque
520 3135 690 3184 contractae.
727 3128 824 3182 Artior
838 3144 904 3182 vero
919 3128 1011 3195 colli(
