2242 3542
318 161 486 211 annales,
522 163 599 211 eAP.
619 163 683 214 VII.
702 163 781 213 VIII.
937 168 965 217 37

120 245 243 299 homines
262 244 336 313 quod
356 243 447 298 facere
463 243 515 312 ipsi
534 259 588 296 non
600 247 718 312 possent,
729 244 759 297 id
778 249 854 299 reete
871 246 930 300 fieri
942 240 970 299 in

119 321 208 376 altero
222 321 388 389 judicarent.
425 320 568 374 Hactenus
586 320 653 373 mihi
674 320 768 374 videor
792 322 827 375 de
851 324 970 376 amicitia

60 409 63 414 ·
119 398 188 466 quid
200 398 330 450 sentirem
349 397 472 465 potuisse
492 395 593 450 dicere.
630 396 714 464 Siqua
732 402 877 465 praeterea
899 403 969 462 srmt,

119 474 202 527 credo
222 477 314 527 autem
336 491 395 526 esse
414 474 507 538 multa,
524 472 559 525 ab
578 474 619 540 iis,
640 474 663 526 si
683 473 828 540 videbitur,
847 475 895 542 qui
917 473 970 528 ista

119 549 261 617 disputant
273 550 435 617 quaeritote.
465 555 506 601 25.
525 549 615 622 Eunu.
628 550 687 602 Nos
698 554 814 603 autema
823 555 852 603 te
863 551 970 618 petius:

119 642 283 694 quamquam
312 626 394 680 etiam
422 625 457 678 ab
485 625 546 679 istis
575 642 656 693 saepe
680 626 800 694 quaesivi
826 630 855 680 et
878 627 969 680 audivi

118 718 172 754 non
185 701 286 756 invitus
298 701 433 770 equidem,
447 701 496 754 scd
514 701 589 754 aliud
602 701 740 769 quoddam
751 702 827 755 filum
841 703 970 756 orationis

118 780 190 831 tuae.
226 777 324 831 Sennv.
344 777 412 829 Turn
434 778 520 845 magis
542 777 572 829 id
592 777 705 844 diceres,
727 778 820 844 Fanni,
839 779 862 831 si
880 795 968 847 nuper

117 854 147 906 in
159 853 247 907 hortis
262 852 402 921 Scipionis,
414 869 498 921 quum
518 857 560 906 cst
573 854 609 905 do
621 854 773 922 republica
792 854 970 922 disputatum,

118 929 260 982 adfuisses,
297 929 390 992 Qualis
399 932 459 981 tum
477 933 607 995 patronus
623 929 750 995 justitiae
762 931 814 983 fuit
824 934 917 982 contra
929 947 970 983 ac-

118 1009 241 1058 curatam
254 1005 403 1058 orationem
414 1003 502 1057 Phili!
541 1003 629 1056 Fran.
649 1004 740 1057 Facile
752 1004 781 1058 id
794 1005 905 1072 quidem
917 1005 969 1059 fuit

113 1080 252 1140 iustitiam
261 1080 415 1148 justissimo
428 1079 485 1132 viro
504 1079 661 1134 defendere.
698 1080 796 1135 Scnnv.
816 1081 888 1144 Quid
904 1082 969 1134 ami·

27 1159 36 1168 ”
119 1157 231 1210 citiam?
267 1155 365 1209 Nonne
376 1155 455 1208 facile
467 1157 493 1209 ei
510 1157 557 1225 qui
575 1157 610 1210 ob
630 1174 690 1210 cam
710 1156 814 1211 summa
832 1157 888 1211 fide
907 1174 969 1211 con·

119 1233 219 1287 stantia
223 1232 388 1301 justitiaque
398 1237 534 1288 servatam
547 1235 693 1286 maximam
705 1235 817 1302 gloriam
827 1235 950 1302 ceperitl

170 1309 256 1364 VIII.
275 1315 315 1364 26.
334 1309 420 1363 Lanu.
439 1310 502 1363 Vim
519 1311 570 1363 hoc
580 1310 691 1378 quidem
705 1316 747 1364 est
760 1311 863 1364 afferre.
895 1311 967 1374 Quid

7 1411 21 1438 ·,
102 1385 189 1439 ¹enim
214 1385 299 1440 refert
323 1403 377 1453 qua
400 1403 444 1440 me
468 1387 574 1440 ratione
597 1387 718 1454 cogatis?
760 1387 863 1455 Cogitis
887 1391 967 1440 certe.

118 1462 223 1516 Studiis
243 1463 314 1516 enim
331 1479 501 1532 generorum,
514 1464 676 1531 praesertim
695 1463 723 1515 in
743 1471 773 1516 re
793 1462 870 1530 bona,
884 1480 967 1531 quum

118 1538 227 1591 difficile
239 1543 282 1592 est
293 1542 353 1591 turn
365 1555 400 1591 ne
418 1555 534 1606 aequum
555 1539 667 1606 quidem
684 1539 825 1593 obsistere.
862 1539 967 1606 Saepis-

117 1614 186 1667 sime
209 1614 293 1682 igitur
313 1613 379 1667 mihi
404 1614 438 1668 de
463 1614 584 1668 amicitia
608 1616 739 1683 cogitanti
763 1616 880 1668 maxime
899 1613 967 1667 illud

117 1689 344 1743 considerandum
363 1690 450 1744 videri
468 1691 544 1757 solet,
556 1694 648 1744 utrum
668 1696 782 1760 propter
800 1691 967 1745 imbecillita-

116 1767 174 1816 tem
196 1767 280 1829 atque
302 1763 419 1829 inopiam
443 1761 601 1814 desiderata
623 1762 660 1815 sit
677 1763 804 1830 amicitia,
822 1767 854 1816 ut
872 1763 970 1817 dandis

117 1836 335 1906 recipiendisque
348 1837 461 1903 meritis,
474 1836 548 1904 qood
563 1837 679 1904 quisquc
696 1839 784 1891 minus
800 1855 850 1906 per
865 1856 894 1892 se
911 1841 970 1908 ipse

116 1917 216 1981 posset,
238 1912 269 1965 id
290 1912 427 1981 acciperet
450 1913 484 1964 ab
507 1912 558 1965 alio
581 1913 754 1980 vicissimque
777 1913 916 1981 redderet,
934 1931 969 1966 an

10 2025 15 2030 -
37 2047 39 2050 ,
116 1993 191 2042 esset
207 1987 257 2041 hoc
274 1987 384 2058 quidem
403 1988 543 2056 proprium
560 1988 704 2052 amicitiae,
723 1989 769 2041 sed
787 1990 924 2057 antiquior
940 1994 969 2043 et

117 2063 256 2131 pulchrior
277 2067 306 2116 et
324 2063 412 2130 magis
434 2081 450 2116 a
468 2067 568 2116 natura
586 2063 646 2130 ipsa
666 2065 788 2132 profecta
800 2066 861 2117 alia
882 2083 969 2119 causa

118 2140 206 2191 Amor
223 2140 302 2206 enirn,
316 2155 350 2191 ex
367 2155 421 2206 quo
438 2138 555 2191 amicitia
573 2140 712 2192 nominata
728 2145 777 2205 est,
790 2141 915 2209 princeps
928 2146 970 2196 est

116 2214 154 2268 ad
172 2214 390 2268 benevolentiam
410 2214 636 2282 conjungendam.
672 2215 744 2268 Nam
760 2216 896 2269 utilitates
912 2219 970 2284 qni-

116 2291 274 2344 demetiam
286 2289 320 2343 ab
333 2291 365 2344 iis
378 2291 566 2360 percipiuntur
576 2308 658 2359 saepe
667 2293 714 2360 qui
724 2292 897 2345 simulatione
905 2295 969 2346 anri-

115 2366 198 2421 citiae
214 2366 338 2420 coluntur
356 2372 384 2420 et
400 2366 580 2420 observantur
596 2369 727 2437 temporis
746 2384 840 2421 causa:
858 2369 885 2421 in
904 2371 969 2421 ami-

115 2444 182 2498 citia
199 2448 291 2496 autem
309 2443 375 2496 nTlril
393 2443 495 2512 fictum,
512 2444 578 2497 nihil
596 2445 771 2508 simulatum;
789 2450 819 2498 et
834 2445 969 2512 quidquid

89 2585 91 2588 q
115 2523 169 2586 est,
179 2518 210 2572 id
222 2521 251 2571 et
262 2535 354 2571 rerum
373 2523 416 2570 est
433 2523 462 2572 et
475 2519 665 2573 voluntarium.
703 2525 743 2576 27.
764 2519 936 2588 Quapropter
952 2537 969 2573 a

67 2593 70 2596 ’
117 2600 217 2650 natura
240 2597 307 2650 mihi
331 2597 441 2650 videtur
458 2597 549 2665 potius
573 2613 654 2665 quam
675 2597 711 2650 ab
732 2598 883 2666 indigentia
907 2607 967 2654 orta

117 2672 245 2737 amicitia,
258 2673 438 2741 applicatione
457 2672 544 2739 magis
563 2672 646 2725 animi
663 2690 724 2725 cum
743 2674 861 2742 quodam
886 2692 967 2728 sensu

117 2748 228 2801 amandi
253 2765 334 2816 quam
358 2748 521 2816 cogitatione
546 2752 676 2814 quantum
702 2749 749 2802 illa
772 2767 817 2803 res
841 2750 967 2804 utilitatis

117 2827 192 2878 esset
201 2823 336 2878 habitura.
373 2823 451 2886 Quod
462 2823 572 2890 quidem
586 2825 667 2891 qualo
680 2825 716 2878 sit
728 2825 811 2878 etiam
827 2826 854 2877 in
871 2826 967 2879 bestiis

89 2904 94 2916 ⁸
118 2899 283 2967 quibusdam
303 2899 483 2952 animadverti
503 2903 602 2966 potest,
624 2916 694 2967 quae
718 2917 753 2954 ex
777 2918 806 2954 se
828 2905 906 2954 natos
928 2902 968 2954 ita

118 2980 212 3028 amant
232 2975 268 3027 ad
287 2975 425 3043 quoddam
445 2977 554 3042 tempus
572 2978 602 3026 et
619 2974 654 3028 ab
674 2976 714 3028 eis
733 2977 772 3030 ita
791 2979 916 3028 amantur
935 2981 967 3029 ut

117 3050 198 3103 facile
211 3067 303 3104 earum
324 3066 418 3103 sensus
437 3052 577 3117 appareat.
613 3049 692 3113 Quod
711 3052 739 3104 in
756 3051 865 3104 homino
880 3051 967 3104 multo

117 3129 162 3180 est
181 3126 351 3182 evidentius:
371 3126 488 3193 primum
507 3142 541 3178 ex
561 3142 595 3178 ea
612 3127 727 3181 caritate
746 3143 816 3195 quae
837 3130 880 3180 est
895 3127 966 3179 iuter·
1043 3147 1045 3152 ·

990 2149 999 2256 l

118 3206 197 3256 natos
216 3206 244 3255 ct
262 3207 398 3282 parentes,
417 3215 488 3269 quae
507 3199 599 3255 dirimi
616 3202 668 3256 nisi
688 3202 845 3256 detestabili
863 3202 966 3256 scelere
1071 3245 1073 3250 .

245 3279 260 3324 4
