2242 3542
53 2 452 109 mmmmm-»alu
460 42 964 143 β-ΜΜΜΜΨ

123 149 171 195 102
436 142 486 191 DE
503 140 658 192 officiis

82 295 86 300 Ι
121 226 197 284 dinis
209 245 267 281 non
281 233 340 281 tam
352 227 447 297 potuit
458 227 547 296 patris
562 225 662 277 similis
677 241 734 277 esse
751 240 835 291 quam
846 222 895 275 ille
912 221 976 277 fue-

121 315 165 362 rat
182 308 237 361 sui:
261 307 391 377 eiigitur
409 323 464 359 non
485 306 590 375 poterit
606 304 664 358 sive
683 320 781 357 causas
800 302 976 357 defensitare

121 390 179 443 sive
192 390 329 458 populum
344 388 523 441 contionibus
535 392 630 439 tenere
646 386 704 438 sive
717 386 790 438 bella
805 401 908 454 gerere
919 385 976 439 illa

120 477 216 523 tamen
234 474 375 538 praestare
393 468 509 522 debebit
497 472 605 537 tquse
623 466 729 547 ernnt'
716 482 752 545 ιιι
770 465 859 534 ipsius
878 472 974 543 ps-ote

71 602 78 614 ,
120 557 187 617 tate,
200 549 345 628 iustitiam,
355 550 454 625 fidem
459 539 724 625 liberalitattach--nio
727 546 853 622 ostiam
864 552 973 621 tem

116 622 258 709 rentiam,
263 622 320 699 quo
338 631 430 683 minus
443 592 484 683 ab
502 646 536 683 eo
533 618 585 683 id
589 618 687 697 ,quod
707 627 781 681 desit
783 627 968 697 ‚requiratur

121 702 238 780 Optima
259 715 308 764 aut
310 728 352 764 em
375 710 516 763 hereditas
539 728 557 762 a
578 709 706 779 patribus
730 670 818 763 tradit
807 714 853 763 tur
873 710 971 763 liberis

121 792 254 861 omnique
274 791 445 861 patrimonio
469 790 657 859 praestantior
678 789 770 859 gloria
791 789 904 843 virtutis
928 806 970 843 re·

120 888 238 940 rumque
260 878 410 942 gestarum,
426 871 472 924 cui
491 871 625 924 dedecori
645 886 703 923 esse
723 870 800 924 nefas
819 875 848 923 et
866 870 970 923 vitium

111 953 306 1015 liudicandum
319 960 368 1008 est.

156 1036 288 1089 XXXIV.
313 1038 371 1089 122.
391 1036 430 1087 Et
439 1034 573 1103 quoniam
582 1034 673 1087 officia
683 1050 740 1086 non
753 1032 852 1086 eadem
861 1031 969 1101 dispar-

120 1115 185 1167 ibus
203 1115 341 1167 aetatibus
360 1115 522 1168 tribuuntur
539 1115 650 1183 aliaque
671 1119 737 1167 sunt
753 1113 896 1180 iuvenum,
913 1113 969 1165 alia

121 1195 269 1261 seniorum,
280 1195 389 1263 aliquid
402 1195 488 1248 etiam
500 1196 536 1249 de
548 1197 603 1248 hac
615 1194 799 1248 distinctione
813 1193 969 1247 dicendum

121 1281 171 1328 est.
209 1277 261 1328 Est
270 1274 359 1345 igitur
368 1276 554 1329 adolescentis
566 1276 684 1329 maiores
697 1281 766 1329 natu
776 1275 865 1327 vereri
877 1291 968 1342 exque

121 1356 156 1409 iis
171 1356 295 1427 deligere
308 1356 430 1426 optimos
442 1364 471 1410 et
483 1356 705 1427 probatissimos,
715 1372 834 1424 quorum
850 1354 968 1407 consilio

121 1443 205 1505 atque
221 1438 387 1492 auctoritate
400 1439 520 1492 nitetur:
541 1438 665 1491 ineuntis
680 1437 755 1490 enim
770 1436 870 1489 aetatis
886 1436 968 1488 insci-

121 1518 162 1571 tia
171 1536 269 1571 senum
279 1519 513 1573 constituendaet
521 1520 644 1588 regenda
652 1516 858 1588 prudentiaest
889 1517 968 1568 Max-

121 1600 176 1652 ime
187 1606 281 1653 autem
290 1602 358 1653 haec
368 1606 444 1653 aetas
454 1618 471 1653 a
480 1599 648 1653 libidinibus
658 1600 779 1652 arcenda
789 1602 831 1651 est
840 1614 967 1651 exercen-

122 1681 214 1748 daque
231 1680 261 1733 in
276 1681 370 1733 labore
387 1681 581 1750 patientiaque
599 1686 627 1733 et
643 1680 728 1733 animi
746 1684 774 1732 et
789 1677 921 1749 corporis
935 1685 968 1732 ut

97 1795 99 1798 -
122 1777 216 1813 eorum
230 1760 297 1813 etin
308 1761 419 1815 bellicis
431 1762 499 1815 etin
511 1762 642 1816 civilibus
655 1760 754 1813 officiis
764 1760 859 1829 vigeat
871 1759 966 1812 indus-

121 1840 182 1895 tria.
220 1841 315 1910 Atque
328 1842 421 1908 etiam,
432 1859 496 1895 cum
508 1844 631 1895 relaxare
646 1842 754 1895 animos
766 1846 794 1894 et
807 1841 873 1894 dare
886 1858 913 1894 se
926 1841 966 1893 iu-

122 1922 263 1975 cunditati
277 1923 382 1990 volent,
395 1929 513 1976 caveant
527 1922 779 1991 intemperantiam,
790 1921 967 1975 meminerint

121 2003 315 2072 verecundiae,
324 2005 402 2072 qnod
415 2004 469 2056 erit
481 2004 598 2071 facilius,
609 2004 632 2056 si
644 2003 674 2056 in
688 2003 747 2055 eius
760 2002 837 2056 modi
851 2002 966 2070 quidem

121 2085 204 2138 rebus
227 2084 344 2138 maiores
367 2089 436 2138 natu
458 2085 553 2137 volent
577 2084 717 2137 interesse.
763 2085 822 2135 123.
848 2082 966 2135 Senibus

121 2171 216 2219 autem
229 2166 337 2219 labores
352 2165 476 2235 corporis
490 2164 644 2232 minuendi,
655 2163 867 2217 exercitationes
881 2163 966 2215 animi

112 2246 207 2323 ,etiam
220 2248 366 2315 augendae
379 2247 524 2299 videntur:
543 2247 639 2298 (landa
650 2262 717 2298 vero
730 2261 814 2314 opera
827 2248 899 2297 utet
912 2260 966 2296 am-

122 2326 182 2379 icos
201 2332 230 2378 et
244 2326 419 2379 inventutem
437 2332 465 2379 et
480 2326 601 2379 maxime
618 2325 833 2395 rempublicam
851 2324 965 2377 consilio

122 2414 150 2459 et
165 2406 317 2475 prudentia
333 2406 583 2474 quamplurimum
598 2406 739 2460 adiuvent
777 2405 858 2458 Nihil
874 2409 966 2457 autem

78 2508 103 2565 p
112 2483 212 2555 magis
225 2487 436 2538 cavendumt
394 2502 424 2537 es
425 2487 582 2539 tsencctuti
593 2503 677 2554 qnam
688 2503 722 2539 ne
735 2486 865 2555 languori
878 2502 907 2537 se
921 2485 965 2538 da·

77 2558 265 2635 ¹‘sidiaeque
276 2566 372 2619 dedat
405 2566 529 2619 Luxuria
538 2584 603 2619 vero
616 2584 680 2619 cum
693 2566 769 2619 omni
783 2572 827 2619 aet
816 2566 867 2619 tati
877 2565 966 2634 turpis

111 2654 183 2700 turn
196 2646 332 2699 senectuti
344 2646 506 2699 foedissima
518 2653 568 2701 cst.
607 2647 656 2700 Sin
669 2653 762 2700 antem
776 2647 860 2699 etiam
872 2646 964 2699 libidi-

122 2743 190 2780 num
204 2727 421 2795 intemperantia
437 2728 564 2794 accessit,
580 2728 686 2796 duplex
703 2729 868 2781 malumt
826 2732 868 2781 cst
870 2769 876 2792 ,
890 2726 964 2794 quod

122 2814 150 2861 et
169 2808 231 2876 ipsa
249 2813 377 2859 senectus
394 2808 517 2860 dedecus
535 2808 660 2876 concipit
679 2808 792 2860 etfacit
810 2807 964 2861 adolescen-

122 2888 194 2940 tium
219 2886 455 2955 impudentiorem
479 2886 732 2955 intemperantiam.
779 2888 837 2940 124.
866 2887 908 2939 Ac
932 2904 963 2938 ne

123 2967 195 3019 illud
211 2966 326 3034 quidem
342 2966 464 3018 alienum
478 2974 526 3032 est,
539 2968 574 3017 de
589 2965 812 3033 magistratuum,
826 2968 861 3018 de
877 2965 962 3034 priva-

122 3051 215 3099 torum
236 3047 349 3111 civium,
369 3046 404 3098 de
427 3046 639 3115 peregrinorum
659 3043 758 3115 qfficjis
780 3045 879 3099 dicere.
916 3046 963 3097 Est

123 3125 211 3193 igitur
225 3126 369 3195 proprium
386 3143 487 3179 munus
502 3125 683 3195 magistratus
698 3123 860 3194 intellegere
875 3141 905 3177 se
920 3140 961 3193 ge·
