2242 3542
284 126 356 217 nm.
372 166 421 228 11,
438 164 517 216 oar.
534 164 609 214 xm.
626 164 697 226 xx,
716 163 834 223 aean.
937 164 983 213 ιιι

177 252 240 307 XX.
278 253 320 306 69.
337 250 394 304 Sed
405 265 470 303 cum
481 248 512 301 in
520 247 683 301 hominibus
694 247 826 301 iuvandis
838 253 886 301 aut
895 264 986 301 mores

143 333 263 404 spectari
278 334 327 386 aut
341 330 453 384 fortuna
471 330 567 397 soleat,
579 329 659 383 dictu
674 328 790 397 quidem
804 333 847 382 est
860 330 984 398 proclive

141 414 237 481 itaque
258 414 345 481 vulgo
367 412 527 479 loquuntur,
547 426 577 463 se
600 410 630 462 in
651 410 793 463 beneficiis
813 410 985 463 collocandis

142 510 232 547 mores
245 492 397 559 bominum,
408 507 464 543 non
477 490 619 543 fortunam
631 490 719 558 aequi.
756 492 883 543 Honesta
895 490 984 543 oratio

142 579 192 629 est.
231 574 286 627 Sed
305 572 431 641 quiscat
448 572 564 624 tandem
582 570 632 639 qui
652 570 745 640 inopis
764 575 793 624 et
812 571 913 640 optimi
930 570 984 624 viri

142 670 239 708 causae
258 669 314 706 non
329 656 483 721 anteponat
496 651 527 703 in
545 667 631 720 opera
649 651 745 704 danda
762 651 883 720 gratiam
897 651 984 703 fortu-

98 768 102 775 ·
142 735 201 788 nati
220 739 248 787 et
262 732 406 803 potentis?
442 732 469 785 A
483 747 540 800 quo
559 730 635 784 enim
650 731 811 801 expeditior
827 735 856 783 et
869 731 985 783 celerior

142 814 325 867 remuneratio
339 812 398 867 fore
410 812 531 880 videtur,
543 812 575 864 in
589 827 653 864 eum
665 811 722 864 fere
736 816 779 864 est
790 812 922 863 voluntas
935 827 984 862 no-

142 899 197 947 stra
211 893 386 964 propensior.
424 893 481 947 Sed
500 891 782 945 animadvertendum
804 896 847 944 est
865 891 984 960 diligen-

141 975 198 1027 tius
211 991 281 1044 quae
294 979 395 1028 natura
406 988 499 1026 rerum
510 972 555 1027 sit.
592 972 732 1025 Nimirum
745 972 819 1024 enim
833 972 916 1041 inops
927 972 983 1038 ille,

141 1055 165 1107 si
175 1056 264 1108 bonus
274 1059 317 1107 est
326 1054 376 1123 vir,
385 1054 470 1107 etiam
484 1052 618 1113 sireferre
629 1052 750 1122 gratiam
762 1069 819 1105 non
829 1058 929 1122 potest,
937 1053 984 1104 ha-

142 1136 205 1188 bere
220 1139 295 1187 certe
310 1140 412 1204 potest.
449 1134 604 1187 Commode
618 1138 711 1186 autem
724 1132 895 1202 quicumque
909 1132 984 1185 dixit

141 1214 377 1285 “pecuniam'qui
391 1215 496 1268 habeat
509 1231 567 1268 non
582 1214 749 1282 reddidisse,
762 1213 812 1281 qui
826 1212 985 1266 reddiderit

140 1312 197 1348 non
212 1296 323 1364 habere,
335 1296 455 1365 gratiam
471 1299 565 1348 autem
580 1299 608 1346 et
620 1293 670 1362 qui
685 1292 824 1345 rettulerit
837 1294 940 1347 habere
955 1298 984 1345 et

141 1376 191 1445 qui
206 1377 310 1429 habeat
324 1375 489 1428 rettulisse.”
525 1375 573 1440 At,
587 1374 636 1441 qui
651 1390 681 1425 se
696 1374 856 1442 locupletes,
866 1373 984 1425 honora-

140 1462 193 1524 tos,
202 1458 300 1509 beatos
313 1459 423 1525 putant,
434 1455 455 1506 ii
470 1470 504 1506 ne
520 1453 642 1523 obligari
656 1453 772 1521 quidem
787 1453 923 1507 beneficio
937 1470 988 1517 vo-v

140 1538 219 1589 lunt:
240 1536 310 1603 quin
329 1535 414 1588 etiam
432 1534 599 1588 beneficium
620 1550 650 1588 se
671 1534 782 1587 dedisse
805 1534 984 1603 arbitrantur,

139 1632 205 1671 cum
218 1616 274 1686 ipsi
290 1616 419 1685 quamvis
436 1632 572 1686 magnum
588 1615 705 1684 aliquod
720 1613 886 1684 acceperint,
899 1619 984 1684 atque

139 1696 224 1751 etiam
239 1714 255 1751 a
270 1713 299 1749 se
314 1701 363 1749 aut
377 1696 516 1766 postulari
534 1701 583 1749 aut
598 1695 754 1765 exspectari
771 1694 880 1765 aliquid
895 1695 984 1765 auspi-

139 1782 245 1845 cantur,
258 1777 416 1847 patrocinio
430 1793 496 1831 vero
515 1792 544 1829 se
563 1792 629 1830 usos
647 1781 697 1829 aut
713 1776 830 1829 clientes
848 1776 984 1846 appellari

138 1857 237 1910 mortis
258 1858 348 1909 instar
367 1862 478 1926 putant.
516 1859 558 1910 70.
579 1856 619 1909 At
640 1872 707 1908 vero
731 1856 779 1908 ille
803 1857 889 1924 tenui,
911 1872 983 1924 cum,

37 1966 40 1973 ⁴
139 1936 282 2004 quidquid
296 1936 403 1989 sactum
421 1937 466 2003 sit,
479 1952 508 1989 se
526 1939 691 2004 spectatum,
704 1952 761 1987 non
775 1934 916 1988 fortunam
935 1953 984 2005 pu-

140 2021 189 2082 tat,
206 2032 263 2068 non
282 2016 368 2068 modo
387 2016 438 2083 illi,
454 2016 504 2083 qui
523 2021 567 2067 est
583 2016 707 2081 meritus,
721 2014 771 2067 sed
787 2015 871 2067 etiam
890 2015 954 2084 illis,
967 2031 985 2068 a

139 2096 244 2164 quibus
262 2099 445 2164 exspectat-
453 2099 517 2164 eget
534 2095 609 2147 enim
628 2095 883 2165 multis-gratum
901 2112 931 2148 se
944 2096 985 2150 vi·

139 2176 202 2230 deri
217 2176 327 2228 studet:
346 2191 437 2242 neque
449 2190 516 2229 vero
530 2175 624 2228 verbis
642 2180 729 2245 auget
743 2192 824 2229 auum
838 2192 948 2244 munus,
960 2177 984 2229 si

139 2273 198 2325 quo
207 2256 278 2309 forte
290 2256 425 2325 fungitur,
433 2257 484 2309 aed
497 2256 582 2309 etiam
594 2260 735 2310 extenuat.
765 2257 985 2327 Videndumque

138 2338 212 2391 illud
228 2342 277 2404 est,
288 2338 374 2405 quod,
388 2337 412 2389 si
427 2339 592 2406 opulentum
606 2336 836 2408 fortunatumque
854 2337 984 2392 defende-

139 2419 185 2486 ris,
196 2419 226 2471 in
239 2434 295 2471 uno
307 2417 357 2471 illo
371 2422 427 2485 aut,
436 2417 459 2470 si
468 2416 548 2485 forte,
557 2418 588 2469 in
597 2418 693 2471 liberis
705 2418 764 2471 eius
774 2423 867 2471 manet
876 2419 982 2489 gratia:

139 2500 183 2552 sin
196 2503 290 2552 autem
302 2498 423 2567 inopem,
434 2498 554 2567 probum
566 2502 661 2551 tamen
674 2504 702 2551 et
715 2501 881 2566 modestum,
889 2516 984 2552 omnes

139 2596 195 2632 non
211 2578 333 2649 improbi
347 2578 474 2646 humiles
488 2595 559 2648 quae
575 2594 677 2649 magna
691 2579 721 2631 in
737 2582 844 2650 populo
859 2580 984 2633 multitu·

140 2660 178 2712 do
191 2665 241 2728 est,
252 2659 423 2730 praesidium
435 2659 490 2713 sibi
502 2665 631 2729 paratum
641 2660 747 2713 vident.
785 2663 827 2713 71.
843 2660 934 2725 Quam
947 2661 1001 2732 ob,

139 2756 197 2792 rem
212 2740 312 2793 melius
326 2740 403 2809 apud
416 2741 505 2793 bonos
519 2756 604 2807 quam
620 2741 699 2810 apud
711 2739 868 2793 fortunatos
882 2740 984 2794 benefi-
998 2743 1001 2756 ¹

139 2820 216 2873 cium
239 2821 370 2873 collocari
393 2825 471 2889 puto.
514 2822 618 2873 Danda
643 2820 757 2873 omnino
781 2836 866 2890 opera
889 2824 932 2872 est
952 2824 1005 2871 ut*

140 2900 218 2953 omni
230 2900 326 2968 generi
338 2901 405 2953 sutis
413 2900 504 2953 fucere
514 2902 659 2969 possimus,
669 2901 726 2968 sed,
737 2900 761 2953 si
773 2899 857 2953 resin
871 2903 984 2952 conten·

139 2980 248 3034 tionem
260 2980 361 3046 veniet,
372 2981 504 3033 nimirum
519 2980 723 3033 Themistocles
738 2985 780 3033 est
791 2985 890 3035 auctor
904 2978 984 3031 adhi-

29 3100 37 3115 .
139 3061 261 3127 bandus,
269 3060 319 3127 qui
331 3075 394 3111 cum
407 3063 599 3113 consuleretur
610 3066 705 3112 utrum
716 3062 789 3113 bono
799 3060 859 3111 viro
866 3059 984 3128 pauperi

139 3158 177 3194 an
190 3140 413 3263 miuuq2probato
426 3140 512 3194 diviti
520 3140 608 3192 filiam
620 3141 783 3193 collocaret:
798 3140 884 3208 “Ego
894 3140 983 3191 vero”
