2242 3542
43 28 75 67 a.
86 5 122 96 ‘i
134 2 393 111 iulidtheqwq
404 13 486 73 Μὰ,
497 2 611 72 ’ΝΜ
623 2 814 81 Mili-hl

131 154 189 207 'tlt
402 168 406 173 '
452 157 502 205 DE
519 156 672 207 orrrcrls

141 247 241 294 natura
257 240 420 309 congregati
437 239 575 292 adhibent
590 240 694 309 agendi
711 239 914 310 cogitandique
932 243 985 297 sol·

140 323 257 373 lertiam.
296 322 401 389 Itaque,
412 320 467 371 nisi
482 337 514 373 ea
526 320 624 385 virtus,
635 336 707 389 quae
722 326 833 374 constat
846 338 881 375 ex
896 323 987 376 homi-

141 402 223 454 nibus
238 402 358 467 tuendis,
371 401 402 452 id
419 405 469 466 est,
482 417 518 453 ex
533 400 665 453 societate
681 402 792 471 generis
809 403 932 469 humani,
946 409 987 457 at·

140 482 233 551 tingat
248 481 439 552 cognitionem
454 497 553 548 rerum,
567 481 693 551 solivaga
708 482 834 551 cognitio
849 489 878 536 et
893 485 987 538 ieiuna

140 561 279 631 rideatur,
289 563 412 631 itemque
426 562 594 631 magnitudo
609 562 704 627 animi,
713 569 821 615 remota
835 580 852 615 a
865 580 987 617 commu·

83 682 108 722 αἱ
126 642 229 775 ,nitate
241 642 494 710 coniunctioneque
508 642 638 709 huma-na,
647 641 744 695 feritas
756 643 793 695 sit
806 646 945 711 quaedam
958 653 987 697 et

141 724 307 777 immanitas,
322 718 389 777 lIta
399 724 431 775 fit
443 728 476 776 ut
488 723 584 777 vincat
596 724 768 793 cognitionis
781 725 906 777 studium
921 742 987 777 cou-

141 804 257 856 aociatio
277 804 421 855 hominum
439 809 524 872 atque
545 802 764 861 communitas!
780 808 836 858 158.
862 806 922 858 Nec
941 822 987 857 rc·

141 901 203 937 rum
218 889 259 937 est
274 886 351 953 quod
364 884 469 937 dicitur
485 900 502 935 a
517 884 695 951 quibusdam,
708 889 823 954 propter
840 886 998 938 necessita--

141 973 198 1018 tem
212 966 294 1033 vitae,
308 967 385 1032 quod
401 982 441 1029 ea,
455 981 526 1034 quae
543 969 644 1019 natura
660 965 839 1034 desideraret,
853 966 987 1035 consequi

141 1046 199 1098 sine
219 1046 281 1099 aliis
299 1052 383 1114 atque
400 1045 508 1098 efficere
525 1062 582 1098 non
597 1062 750 1115 possemus,
763 1046 869 1099 idcirco
886 1046 988 1100 initam

141 1144 199 1179 essa
226 1143 289 1179 cum
314 1125 476 1178 hominibus
502 1127 734 1180 communitatem
761 1133 791 1179 et
814 1126 986 1181 sociotatem.

142 1208 225 1273 Quod
240 1207 264 1260 si
278 1206 371 1259 omnia
385 1206 475 1272 nobis,
486 1222 558 1275 quae
574 1207 612 1259 ad
627 1207 735 1259 victum
749 1209 911 1277 cultumque
926 1224 987 1277 per·

140 1288 240 1355 tinent,
252 1286 332 1356 quasi
344 1286 455 1357 virgula
467 1285 574 1354 divina,
585 1294 618 1340 ut
631 1287 720 1356 siunt,
731 1289 986 1357 suppeditarentur,

141 1375 202 1422 tum
215 1368 323 1439 optimo
336 1368 453 1438 quisque
464 1368 581 1438 ingenio
594 1368 717 1439 negotiis
732 1368 862 1421 omnibus
877 1370 988 1422 omissis

155 1456 232 1504 otum
245 1467 273 1503 se
285 1450 315 1501 in
328 1449 489 1519 cognitione
501 1455 529 1502 et
539 1449 657 1503 scicntia
670 1451 827 1503 collocaret.
865 1451 931 1503 Non
945 1456 987 1503 est

128 1532 188 1624 ,ita
220 1533 294 1584 Nam
305 1537 333 1583 et
342 1530 523 1584 solitudinem
532 1530 642 1600 fugeret
652 1535 681 1583 et
691 1530 797 1583 socium
806 1530 894 1583 studii
904 1547 987 1599 quae-

129 1617 220 1679 ¹reret,
242 1617 303 1665 tum
328 1612 520 1678 doce1·e,tum
545 1612 653 1663 discere
678 1612 771 1677 vellet,
793 1615 854 1664 tum
879 1610 986 1677 audire,

141 1699 202 1745 tum
220 1692 320 1745 dicere.
357 1693 433 1761 Ergo
452 1708 533 1744 omne
553 1690 685 1763 officium,
703 1692 779 1759 quod
799 1692 835 1744 ad
854 1691 987 1745 coniunc-

141 1775 247 1825 tionem
263 1772 408 1825 hominum
423 1777 452 1825 et
467 1772 504 1825 ad
520 1772 685 1825 societatem
699 1773 833 1825 tuendam
845 1774 927 1840 valet,
939 1789 986 1825 an-

123 1854 331 1923 ',teponendum
347 1859 391 1906 est
406 1854 449 1906 illi
465 1854 567 1929 qdioio,
581 1856 659 1922 quod
676 1854 839 1923 cognitione
856 1859 884 1907 et
900 1854 987 1907 scien-

132 1933 182 1999 itia
194 1934 361 1987 continetur.
393 1936 478 1989 XLV.
501 1938 559 1988 159.
576 1935 653 1989 Illud
666 1934 783 1987 forsitan
796 1936 987 2003 quaerendum

142 2017 186 2085 sit,
194 2033 262 2068 num
275 2017 343 2068 haec
356 2015 548 2082 communitas,
558 2031 629 2084 quae
643 2015 763 2067 maxime
777 2020 819 2068 est
828 2020 895 2083 apta
907 2020 988 2067 natu-

142 2115 196 2164 rae,
209 2098 246 2150 sit
260 2097 345 2150 etiam
359 2096 546 2149 moderationi
562 2096 771 2165 modestiaeque
788 2112 896 2165 semper
911 2101 987 2147 ante-

141 2180 280 2247 ponenda.
317 2178 383 2231 Non
401 2178 501 2246 placet.
541 2177 613 2229 Sunt
630 2176 705 2228 enim
724 2176 864 2244 quaedam
882 2176 988 2244 purtim

141 2259 182 2311 ita
197 2258 287 2324 foeda,
300 2257 403 2327 partim
418 2257 458 2309 ita
472 2256 622 2326 flagitiosa,
637 2262 668 2309 ut
683 2274 715 2309 ea
730 2273 765 2309 ne
780 2256 987 2309 conservandae

143 2340 257 2408 quidem
274 2339 380 2407 patriae
399 2354 481 2389 causa
499 2337 611 2405 sapiens
626 2337 751 2389 facturus
769 2337 814 2389 sit.
852 2338 894 2388 Ea
909 2336 987 2389 Posi-

143 2419 245 2472 donius
261 2417 376 2487 collegit
390 2419 535 2486 permulta,
552 2420 603 2471 sed
621 2417 662 2470 ita
679 2424 769 2469 taetra
785 2417 930 2486 quaedam,
947 2417 988 2469 ita

143 2500 270 2565 obscena,
293 2502 324 2549 ut
348 2497 428 2550 dictu
452 2514 564 2568 quoque
589 2498 739 2551 videantur
762 2496 863 2565 turpia.
909 2497 988 2551 Haeo

142 2580 230 2649 igitur
244 2595 301 2630 non
315 2577 449 2647 suscipiet
461 2578 502 2630 rei
517 2579 647 2648 publicae
663 2594 755 2645 causa,
765 2594 800 2629 ne
815 2593 858 2629 ros
872 2576 988 2645 publica

143 2659 259 2727 quidem
273 2675 325 2727 pro
339 2676 369 2711 se
384 2659 490 2728 suscipi
504 2661 589 2713 volet.
628 2660 684 2712 Sed
700 2660 754 2710 hoc
769 2655 943 2711 commodius
958 2672 989 2708 se

143 2757 186 2793 res
197 2739 290 2806 habet,
300 2740 378 2807 quod
388 2756 444 2791 non
457 2743 551 2808 potest
564 2740 691 2792 accidere
704 2744 823 2808 tempus,
831 2742 863 2791 ut
876 2736 988 2789 intersit

143 2819 322 2889 reipublicae
333 2820 489 2887 quidquam
502 2820 616 2871 illorum
626 2818 716 2871 facere
730 2820 891 2888 sapientem.
924 2818 986 2871 160.

144 2901 249 2966 Quare
265 2902 319 2952 hoc
335 2900 450 2967 quidem
465 2900 595 2952 effectum
610 2900 653 2965 sit,
667 2900 697 2951 in
713 2900 812 2969 (Q
828 2898 989 2968 deligendis

143 2981 174 3032 id
187 2998 275 3049 genus
290 2980 443 3032 officiorum
457 2981 600 3047 excellere,
611 2980 688 3047 quod
701 2985 829 3032 teneatur
842 2979 988 3031 hominum

125 3096 134 3113 ..
144 3060 284 3113 societate.
316 3059 429 3112 Etenim
442 3059 631 3128 cognitionem
643 3059 878 3129 prudentiamque
891 3075 987 3127 seque-

127 3171 136 3189 ⁴·
144 3147 190 3191 tur
210 3140 386 3192 considerate
406 3138 489 3190 actio.
534 3140 579 3191 Ita
599 3139 632 3191 fit
653 3145 686 3191 ut
705 3156 788 3208 agere
811 3138 986 3191 considerate
