2242 3542
135 174 182 220 158
450 170 498 219 DE
515 169 667 220 OFFICIIS

133 254 250 308 humani
267 254 378 324 generis
396 254 567 319 societatem,
581 270 636 321 qua
655 254 766 305 sublata
785 251 976 322 beneficentia,

134 337 294 404 liberalitas,
302 335 422 402 bonitas,
433 335 541 387 iustitia
553 334 682 387 funditus
694 334 811 387 tollitur.
844 335 921 399 Quae
929 334 977 401 qui

133 419 237 469 tollunt
248 416 332 469 etiam
342 417 475 469 adversus
484 417 552 468 deos
561 416 733 467 immortales
743 414 824 484 impii
833 414 976 467 iudicandi

132 501 205 550 sunt.
236 497 282 549 Ab
294 497 330 549 iis
346 497 420 548 enim
435 496 619 549 constitutam
634 495 707 548 inter
722 496 850 547 homiues
863 495 979 547 societa-

132 583 189 630 tem
202 581 339 645 evertunt,
350 578 430 630 cuius
442 576 585 630 societatis
598 576 765 629 artissimum
778 577 923 627 vinculum
936 582 978 627 est

132 658 224 728 magis
239 658 368 712 arbitrari
383 675 441 711 esse
456 663 554 711 contra
569 663 699 710 naturam
714 656 857 709 hominem
870 656 978 708 homini

132 740 279 793 detrahere
292 738 335 792 sui
348 739 491 792 commodi
503 754 588 791 causa
598 755 683 806 quam
697 738 790 790 omnia
799 737 977 789 incommoda

132 821 225 873 subire
240 822 285 875 vel
300 824 415 873 externa
427 822 472 874 vel
487 819 611 889 corporis
626 822 671 872 vel
686 819 771 872 etiam
786 818 875 888 ipsius
890 817 977 870 animi

132 918 204 969 quae
216 904 231 962 †
242 907 343 956 vacent
354 901 471 955 iustitia.
508 902 586 953 Haec
599 901 674 953 enirn
687 917 743 953 una
752 900 840 952 virtus
853 898 977 951 omnium

131 988 175 1035 est
199 984 314 1035 domina
338 988 367 1035 ct
390 983 487 1052 regina
509 982 654 1035 virtutum.
692 984 734 1035 29.
754 980 883 1033 Forsitan
904 980 978 1048 quis-
1047 1018 1050 1024 ·

131 1064 209 1132 piam
222 1064 340 1116 dixerit:
365 1064 467 1116 Nonne
480 1063 569 1132 igitur
583 1062 700 1132 sapiens,
714 1062 738 1114 si
750 1062 823 1114 fame
836 1061 897 1131 ipse
912 1078 977 1113 con-

131 1144 247 1210 ficiatur,
259 1144 405 1197 abstulerit
418 1142 513 1197 cibum
526 1144 616 1212 alteri,
627 1143 735 1196 homiui
749 1144 786 1196 ad
799 1144 905 1195 nullam
918 1159 977 1195 rem

131 1225 215 1278 utilit
252 1225 368 1277 Minime
388 1241 462 1278 vero.
500 1225 565 1277 Non
589 1225 664 1277 enim
684 1224 755 1276 milri
774 1230 816 1277 est
834 1222 894 1277 vita
914 1240 977 1276 mea

131 1305 229 1357 utilior
241 1321 327 1373 quarn
342 1305 429 1358 animi
443 1305 510 1357 talis
525 1304 656 1372 adfectio,
669 1304 809 1357 neminem
825 1308 857 1356 ut
871 1303 975 1356 violem

131 1388 274 1441 commodi
295 1386 351 1439 mci
372 1381 471 1455 gratia.
505 1385 601 1451 Quid?
623 1386 647 1439 si
666 1385 816 1451 Phalarim,
834 1385 977 1438 crudelem

130 1476 280 1537 tyrannum
295 1474 323 1521 et
335 1468 494 1536 immanem,
505 1468 549 1520 vir
565 1469 663 1535 bonus,
675 1485 709 1520 ne
723 1468 783 1537 ipse
795 1466 899 1537 frigore
912 1482 976 1519 con-

130 1551 248 1618 ficiatur,
268 1550 373 1604 vestitu
401 1550 521 1619 spoliare
551 1549 650 1618 possit,
673 1565 766 1601 nonne
791 1548 895 1601 faciati
933 1550 975 1600 30.

130 1632 208 1683 Haec
223 1631 260 1683 ad
271 1629 455 1682 iudicandum
470 1634 535 1683 sunt
549 1629 690 1682 facillima.
728 1630 810 1696 Nam,
821 1628 844 1680 si
856 1628 927 1696 quid
940 1629 976 1681 ab

130 1711 244 1763 homine
256 1711 293 1763 ad
303 1712 408 1763 nullam
418 1715 526 1779 partem
536 1710 601 1762 utili
614 1709 744 1762 utilitatis
758 1715 822 1762 tuae
835 1725 918 1761 causa
929 1710 975 1762 de-

129 1791 254 1858 traxeris,
269 1791 423 1843 inhumane
447 1790 545 1843 feceris
562 1798 715 1859 contraque
733 1796 848 1843 naturae
866 1792 974 1859 legem:

129 1873 173 1925 sin
186 1878 280 1926 autem
292 1871 359 1925 istu
375 1871 420 1940 sis,
432 1871 481 1940 qui
494 1872 611 1924 multam
625 1872 777 1925 utilitatem
792 1872 832 1924 rei
845 1872 975 1940 publicae

129 1958 214 2022 atque
228 1952 375 2006 hominum
394 1952 529 2020 societati,
542 1952 566 2005 si
580 1952 611 2004 in
625 1952 685 2006 vita
703 1969 853 2020 remaneas,
867 1952 975 2005 adferre

129 2034 234 2102 possis:
254 2033 364 2101 siquid
382 2034 419 2085 ob
438 2050 498 2085 eam
517 2049 630 2085 causam
649 2033 728 2085 alteri
744 2034 904 2101 detraxeriS,
918 2050 975 2085 non

129 2115 167 2168 sit
179 2114 447 2184 reprehendendum.
487 2113 536 2166 Sin
549 2118 642 2165 autem
654 2113 687 2165 id
699 2130 755 2166 non
770 2114 806 2167 sit
819 2113 975 2180 eiusmodi,

129 2212 211 2248 suum
224 2197 324 2264 cuique
339 2195 549 2247 incommodum
565 2194 710 2247 ferendum
726 2200 767 2248 est
782 2195 975 2265 potiusquam

130 2278 165 2328 de
176 2276 289 2329 alterius
299 2276 455 2329 commodis
465 2276 678 2329 detrahendum.
711 2278 776 2329 Non
787 2277 875 2346 igitur
884 2276 976 2346 magis

129 2365 172 2409 est
186 2353 284 2409 corrtra
298 2362 426 2409 naturam
441 2356 556 2408 morbus
575 2361 624 2409 aut
642 2362 751 2426 egestas
765 2365 814 2409 aut
829 2357 899 2426 quid
915 2358 975 2411 cius

130 2439 208 2490 modi
222 2454 307 2506 quum
322 2437 459 2489 detractio
475 2442 560 2506 atque
576 2437 713 2507 appetitio
730 2438 822 2504 alieni,
834 2438 884 2491 sed
900 2454 975 2490 com-

128 2519 220 2575 munis
230 2517 361 2570 utilitatis
371 2517 516 2569 derelictio
526 2524 624 2571 contra
637 2524 765 2571 naturam
776 2524 816 2571 est
826 2538 831 2571 :
848 2523 890 2571 est
900 2519 975 2571 enim

128 2601 240 2652 iniusta.
279 2601 320 2653 31.
341 2599 440 2666 Itaque
456 2601 501 2651 lex
516 2598 578 2669 ipsa
597 2604 720 2668 naturae,
735 2616 806 2667 quac
822 2600 974 2653 utilitatem

128 2682 274 2734 bominum
289 2685 435 2732 conservat
449 2684 478 2732 et
496 2680 631 2749 continet,
646 2681 777 2734 decernet
791 2680 927 2749 profecto,
941 2685 974 2733 ut

128 2763 163 2813 ab
179 2760 292 2813 homine
310 2760 393 2812 inerti
412 2765 497 2828 atque
511 2759 608 2813 inutili
626 2762 664 2814 ad
683 2760 844 2830 sapientem,
858 2763 972 2829 bonum,

127 2842 227 2894 fortem
241 2841 333 2893 virum
348 2841 550 2894 transferantur
567 2857 611 2893 res
630 2841 666 2893 ad
681 2841 833 2895 vivendum
849 2858 973 2894 necessa-

126 2922 191 2989 riae,
208 2920 259 2988 qui
279 2920 303 2972 si
324 2920 469 2986 occiderit,
486 2922 607 2973 multum
628 2920 664 2973 de
685 2922 827 2973 communi
848 2922 972 2985 utilitate

128 3000 287 3067 detraxerit,
302 3000 387 3052 modo
403 3001 457 3051 hoe
472 3000 512 3052 ita
527 3000 621 3069 faciat,
634 3005 665 3052 ut
681 3016 715 3052 ne
730 3000 790 3069 ipse
806 3003 841 3054 de
857 3002 890 3054 se'
902 3003 972 3054 bone

127 3079 290 3132 existimans
309 3095 422 3146 seseque
443 3079 566 3147 diligens
586 3081 658 3131 hanc
679 3096 789 3132 causam
810 3082 913 3135 habeat
933 3082 971 3135 ad

127 3158 267 3213 iniuriam.
303 3160 348 3211 Ita
361 3175 469 3227 semper
483 3158 577 3211 officio
591 3158 726 3228 fungetur
740 3161 858 3215 utilitati
871 3178 970 3215 consu-
