2242 3542
15 2 342 16 ,-·---—--—-
363 4 367 5 γ

32 144 34 149 ’
113 157 144 205 16Ὶ
339 153 377 203 Μ.
396 154 520 202 runnu
544 153 734 201 morinorum

111 250 165 287 non
177 232 299 301 intelligo
311 249 346 286 ne
357 233 386 285 in
398 232 460 285 istis
472 232 584 305 quidem
591 232 778 301 voluptatibus
789 232 856 299 ipsis
868 248 962 285 carere

112 326 193 363 sensu
206 312 383 363 senectutem.
423 308 469 361 Me
489 324 553 361 vero
570 311 599 361 et
618 308 777 375 magisteria
789 307 928 361 delectant
945 325 963 360 a

112 384 260 454 majoribus
279 384 425 448 instituta,
444 388 473 437 et
492 386 516 437 is
535 400 624 437 sermo
639 384 686 452 qui
705 402 780 437 more
799 384 931 452 majorum
945 401 964 437 a

112 478 218 514 summo
231 460 379 514 adhibetur
391 461 420 513 in
432 460 551 527 poculis;
570 466 599 513 et
616 461 720 528 poeula,
733 462 804 513 sicut
815 461 844 513 in
855 478 963 529 sympo-

111 540 152 591 sio
166 536 354 606 Xenophontis
376 540 426 604 est,
439 537 545 589 minuta
559 540 644 605 atque
662 538 790 604 rorantia,
803 542 832 590 et
851 537 963 605 refrige-

88 638 91 642 ’
111 612 181 667 ratio
205 610 318 680 aestate,
338 616 366 665 et
386 612 504 665 vicissim
524 615 573 665 aut
596 613 635 665 sol
659 616 707 665 aut
730 613 802 680 ignis
822 612 961 666 hibernus.

113 690 188 753 Quae
208 689 318 758 quidem
332 689 415 742 etiam
434 688 461 740 in
481 688 589 741 Sabinis
606 690 735 758 persequi
754 690 834 757 soleo,
846 690 963 743 convivi-

112 782 213 834 umque
232 765 381 818 vicinorum
401 763 525 832 quotidie
546 766 674 833 compleo,
695 766 769 834 quod
790 767 826 818 ad
847 766 961 819 multam

112 845 219 895 noctem
232 858 313 909 quam
327 842 444 894 maxime
456 857 601 908 possumus
613 844 687 894 vario
700 859 824 895 sermone
835 842 962 909 produci-

112 934 179 971 mus.
215 922 256 975 47.
276 919 315 969 At
332 934 385 971 non
398 921 442 970 est
454 916 626 984 voluptatum
645 922 723 971 tanta
742 919 820 987 quasi
838 918 962 971 titillatio

112 994 140 1047 in
153 994 270 1047 senibus.
307 994 411 1047 Credo:
431 993 480 1046 sed
498 1010 533 1045 nc
546 994 712 1047 desideratio
731 991 850 1063 quidem.
885 994 961 1048 Nihil

111 1074 205 1123 autem
218 1071 364 1123 molestum
377 1069 451 1137 quod
468 1085 521 1121 non
535 1070 682 1123 desideres.
719 1071 796 1124 Bene
808 1071 961 1139 Sophocles,

113 1162 196 1214 quum
209 1163 243 1198 ex
256 1162 288 1198 eo
301 1144 411 1213 quidam
420 1144 479 1212 jam
492 1145 590 1198 affecto
602 1151 694 1200 aetate
706 1150 858 1215 quaereret,
872 1151 961 1208 utere

112 1226 194 1275 turne
217 1221 299 1274 rebus
324 1221 463 1285 venereis;
492 1220 536 1273 Dii
559 1222 687 1276 meliora!
714 1224 820 1291 inquit:
844 1222 962 1277 libenter

113 1314 177 1351 vero
200 1296 282 1351 istinc
305 1296 376 1349 siout
394 1314 410 1349 a
428 1296 537 1350 domino
556 1299 658 1363 agresti
676 1317 708 1353 ac
724 1300 826 1353 furioso
847 1299 962 1367 profugi.

114 1374 228 1442 (lapidis
240 1373 313 1426 enim
325 1389 416 1425 rerum
435 1372 531 1425 talium
551 1374 675 1440 odiosum
694 1377 808 1429 fortasse
821 1379 850 1429 et
865 1375 962 1429 moles-

113 1455 172 1502 tum
185 1454 228 1503 est
240 1466 348 1512 carere;
367 1449 474 1502 satiatis
489 1465 554 1503 vero
573 1455 602 1504 et
621 1451 738 1520 expletis
751 1451 901 1519 jucundius
919 1463 962 1505 est

113 1542 206 1579 carere
227 1541 309 1593 quani
329 1525 391 1577 frui.
428 1525 600 1593 Quamquam
625 1545 677 1580 non
698 1531 774 1581 caret
797 1529 820 1580 is
841 1528 962 1595 quinon

114 1602 259 1655 desiderat.
296 1602 353 1669 Ego
381 1618 434 1654 non
460 1602 619 1656 desiderare
643 1604 703 1657 dico
727 1621 786 1657 esse
806 1602 962 1671 jucundius.

114 1684 155 1734 48.
174 1678 253 1743 Quod
270 1678 293 1730 si
309 1678 371 1731 istis
391 1677 457 1745 ipsis
478 1679 664 1745 voluptatibus
684 1680 755 1733 bona
771 1686 846 1733 aetas
862 1679 963 1732 fruitur

114 1754 251 1821 libentius,
272 1754 391 1821 primum
413 1755 533 1820 parvulis
551 1756 652 1809 fruitur
670 1756 761 1824 rebus,
779 1760 811 1809 ut
829 1756 962 1822 diximus3

17 1894 24 1901 Ἀ
115 1832 214 1885 deinde
226 1830 260 1883 iis
279 1830 378 1898 quibus
398 1834 530 1897 senectus
543 1832 566 1883 si
585 1848 638 1884 non
657 1833 766 1885 abunde
783 1833 896 1902 potitur,
908 1849 962 1885 non
1017 1873 1019 1877 .

114 1908 222 1961 omnino
235 1910 318 1959 caret.
355 1906 395 1959 Ut
408 1906 543 1974 Turpione
558 1907 687 1962 Ambivio
705 1908 792 1975 magis
810 1908 971 1962 delectatur*

114 1984 161 2053 qui
173 1984 201 2035 in
213 1983 301 2051 prima
313 1998 396 2035 eavea
408 1986 521 2050 spectat,
535 1982 688 2037 delectatur
706 1989 798 2037 tamen
815 1985 897 2037 etiam
915 1986 962 2052 qui

114 2060 142 2113 in
161 2060 271 2123 ultima;
296 2059 333 2111 sic
352 2058 535 2112 adolescentia
552 2060 707 2127 voluptates
724 2064 838 2129 propter
854 2061 963 2114 intuens

114 2136 200 2203 inagis
217 2135 333 2188 fortasse
353 2134 478 2202 laetatur,
496 2135 544 2189 sed
564 2130 721 2189 delectatur
736 2137 819 2189 etiam
837 2141 963 2190 senectus

58 2222 80 2238 ··
114 2212 206 2280 procul
228 2228 274 2265 eas
294 2214 419 2279 spectans
440 2214 547 2264 tantum
570 2217 701 2279 quantum
717 2217 760 2266 sat
778 2217 828 2265 est.
864 2220 904 2266 49.
923 2217 963 2267 At

114 2288 160 2341 illa
178 2288 272 2356 quanti
293 2292 364 2353 sunt,
383 2288 510 2353 animum,
522 2290 662 2355 tamquam
681 2290 803 2342 emeritis
821 2290 964 2357 stipendiis
1048 2295 1052 2301 ’

113 2364 240 2430 libidinis,
253 2363 417 2428 ambitionis,
431 2364 620 2430 contentionis,
638 2366 848 2431 inimicitiarum,
861 2366 964 2433 cupidi-

114 2442 203 2495 tatum
215 2441 343 2506 omni'um,
356 2455 446 2492 secum
460 2455 520 2492 esse
532 2456 685 2509 secumque,
697 2446 729 2494 ut
741 2442 961 2507 dicitur,vivere!
1002 2478 1005 2483 -

115 2518 143 2570 Si
163 2532 226 2569 vcro
244 2515 329 2568 habet
346 2515 457 2583 aliquod
475 2519 616 2584 tamquam
632 2517 760 2585 pabulum
779 2518 863 2570 studii
881 2521 964 2586 atque

95 2593 260 2661 doctrinae,
281 2591 347 2644 nihil
369 2595 412 2644 est
433 2592 521 2645 otiosa
543 2595 684 2657 senectute
700 2592 855 2660 jucundius.
892 2594 964 2647 Mori

113 2686 200 2737 paene
212 2667 372 2721 videbamus
383 2668 411 2720 in
424 2667 515 2721 studio
529 2668 689 2721 dimetiendi
701 2670 768 2721 caeli
777 2673 861 2738 atque
873 2673 965 2723 torrae

115 2745 146 2799 Ο,
161 2744 268 2798 Gallum
281 2744 441 2797 familiarem
456 2744 545 2814 patris
557 2745 606 2808 tui,
620 2745 719 2812 Scipio.
756 2745 878 2809 Quoties
888 2746 965 2799 illum

114 2820 161 2873 lux
181 2823 263 2873 noctu
290 2820 392 2889 aliquid
414 2820 571 2873 describere
594 2821 754 2888 ingressum,
779 2823 886 2890 quoties
909 2839 963 2874 nox

115 2896 259 2964 oppressit,
285 2912 369 2963 quum
399 2912 478 2948 mane
509 2896 657 2963 coepisset!
696 2897 782 2959 Quam
808 2897 965 2952 delectabat

115 2987 176 3023 eum
189 2970 357 3024 delectiones
369 2970 432 3023 solis
445 2975 474 3024 et
485 2970 566 3023 lunae
578 2971 666 3023 multo
679 2973 758 3025 nobis
776 2976 840 3026 ante
856 2974 965 3040 praedi-

115 3050 191 3100 cere!
229 3052 270 3100 50.
289 3044 361 3109 Quid
373 3045 401 3097 in
413 3045 561 3100 levioribus
573 3046 671 3099 studiis
689 3048 739 3100 sod
756 3051 848 3101 tamen
860 3049 965 3102 acutisl

16 3178 17 3183 ,
118 3120 204 3183 Quam
221 3121 360 3189 gaudebat
377 3118 449 3173 bello
466 3136 514 3174 suo
535 3121 636 3173 Punico
650 3122 784 3175 Naevius!
804 3139 886 3190 quam
898 3123 966 3175 Tru-

117 3195 224 3249 culento
246 3194 373 3250 Plautus!
394 3212 475 3263 quam
497 3195 648 3250 Pseudolo!
687 3197 753 3249 Vidi
771 3198 853 3250 etiam
872 3213 966 3251 senem
