<?xml version="1.0" encoding="UTF-8"?>
<!DOCTYPE html PUBLIC "-//W3C//DTD XHTML 1.0 Transitional//EN"
    "http://www.w3.org/TR/xhtml1/DTD/xhtml1-transitional.dtd">
<html xmlns="http://www.w3.org/1999/xhtml" xml:lang="en" lang="en">
 <head>
  <title>
</title>
<meta http-equiv="Content-Type" content="text/html;charset=utf-8" />
  <meta name='ocr-system' content='tesseract 3.04.00' />
  <meta name='ocr-capabilities' content='ocr_page ocr_carea ocr_par ocr_line ocrx_word'/>
</head>
<body>
  <div class='ocr_page' id='page_1' title='image "./catomajorsivede01longgoog_0021.png"; bbox 0 0 2242 3542; ppageno 0'>
   <div class='ocr_carea' id='block_1_1' title="bbox 130 88 983 277">
    <p class='ocr_par' dir='ltr' id='par_1_1' title="bbox 130 88 983 277">
     <span class='ocr_line' id='line_1_1' title="bbox 131 88 755 177; baseline -0.011 -1"><span class='ocrx_word' id='word_1_1' title='bbox 131 130 163 177; x_wconf 83' lang='lat'><strong>12</strong></span> <span class='ocrx_word' id='word_1_2' title='bbox 363 124 401 173; x_wconf 86' lang='lat' dir='ltr'><strong>M.</strong></span> <span class='ocrx_word' id='word_1_3' title='bbox 419 124 545 173; x_wconf 78' lang='lat' dir='ltr'><strong>numni</strong></span> <span class='ocrx_word' id='word_1_4' title='bbox 562 88 755 171; x_wconf 80' lang='lat' dir='ltr'><strong>eiennonls</strong></span> 
     </span>
     <span class='ocr_line' id='line_1_2' title="bbox 130 200 983 277; baseline -0.005 -16"><span class='ocrx_word' id='word_1_5' title='bbox 130 206 271 277; x_wconf 80' lang='lat' dir='ltr'><strong>proprium</strong></span> <span class='ocrx_word' id='word_1_6' title='bbox 283 206 433 261; x_wconf 74' lang='lat' dir='ltr'><strong>senectutis</strong></span> <span class='ocrx_word' id='word_1_7' title='bbox 443 206 540 259; x_wconf 75' lang='lat' dir='ltr'><strong>sitiinn</strong></span> <span class='ocrx_word' id='word_1_8' title='bbox 559 208 609 271; x_wconf 78' lang='lat' dir='ltr'><strong>esi,</strong></span> <span class='ocrx_word' id='word_1_9' title='bbox 626 204 676 257; x_wconf 90' lang='lat' dir='ltr'><strong>sed</strong></span> <span class='ocrx_word' id='word_1_10' title='bbox 689 220 832 257; x_wconf 86' lang='lat' dir='ltr'><strong>commune</strong></span> <span class='ocrx_word' id='word_1_11' title='bbox 845 200 983 258; x_wconf 73' lang='lat' dir='ltr'><strong>valetudi·</strong></span> 
     </span>
    </p>
   </div>
   <div class='ocr_carea' id='block_1_2' title="bbox 26 280 983 347">
    <p class='ocr_par' dir='ltr' id='par_1_2' title="bbox 26 280 983 347">
     <span class='ocr_line' id='line_1_3' title="bbox 26 280 983 347; baseline -0.004 -10"><span class='ocrx_word' id='word_1_12' title='bbox 26 328 27 331; x_wconf 66' lang='lat'><strong>,</strong></span> <span class='ocrx_word' id='word_1_13' title='bbox 130 283 179 337; x_wconf 84' lang='lat' dir='ltr'><strong>nis</strong></span> <span class='ocrx_word' id='word_1_14' title='bbox 215 282 303 347; x_wconf 80' lang='lat' dir='ltr'><strong>Quam</strong></span> <span class='ocrx_word' id='word_1_15' title='bbox 321 282 375 335; x_wconf 84' lang='lat' dir='ltr'><strong>fuit</strong></span> <span class='ocrx_word' id='word_1_16' title='bbox 394 281 545 335; x_wconf 86' lang='lat' dir='ltr'><strong>imbecillus</strong></span> <span class='ocrx_word' id='word_1_17' title='bbox 566 281 594 333; x_wconf 90' lang='grc' dir='ltr'><strong>Ρ.</strong></span> <span class='ocrx_word' id='word_1_18' title='bbox 608 280 731 333; x_wconf 81' lang='lat' dir='ltr'><strong>Africani</strong></span> <span class='ocrx_word' id='word_1_19' title='bbox 747 280 826 347; x_wconf 69' lang='lat' dir='ltr'><strong>iilius</strong></span> <span class='ocrx_word' id='word_1_20' title='bbox 845 280 870 332; x_wconf 91' lang='lat' dir='ltr'><strong>is</strong></span> <span class='ocrx_word' id='word_1_21' title='bbox 886 280 933 347; x_wconf 88' lang='lat' dir='ltr'><strong>qui</strong></span> <span class='ocrx_word' id='word_1_22' title='bbox 950 282 983 333; x_wconf 84' lang='lat' dir='ltr'><strong>te</strong></span> 
     </span>
    </p>
   </div>
   <div class='ocr_carea' id='block_1_3' title="bbox 130 355 983 652">
    <p class='ocr_par' dir='ltr' id='par_1_3' title="bbox 130 355 983 652">
     <span class='ocr_line' id='line_1_4' title="bbox 130 355 981 427; baseline -0.002 -15"><span class='ocrx_word' id='word_1_23' title='bbox 130 358 286 427; x_wconf 79' lang='lat' dir='ltr'><strong>adoptavit!</strong></span> <span class='ocrx_word' id='word_1_24' title='bbox 318 374 401 427; x_wconf 86' lang='lat' dir='ltr'><strong>quam</strong></span> <span class='ocrx_word' id='word_1_25' title='bbox 424 358 501 411; x_wconf 84' lang='lat' dir='ltr'><strong>tenni</strong></span> <span class='ocrx_word' id='word_1_26' title='bbox 525 359 577 411; x_wconf 78' lang='lat' dir='ltr'><strong>sut</strong></span> <span class='ocrx_word' id='word_1_27' title='bbox 597 356 671 409; x_wconf 88' lang='lat' dir='ltr'><strong>nulla</strong></span> <span class='ocrx_word' id='word_1_28' title='bbox 694 356 785 424; x_wconf 86' lang='lat' dir='ltr'><strong>potius</strong></span> <span class='ocrx_word' id='word_1_29' title='bbox 808 355 981 410; x_wconf 76' lang='lat' dir='ltr'><strong>valetudine!</strong></span> 
     </span>
     <span class='ocr_line' id='line_1_5' title="bbox 132 430 983 501; baseline -0.004 -13"><span class='ocrx_word' id='word_1_30' title='bbox 132 434 212 500; x_wconf 86' lang='lat' dir='ltr'><strong>Quod</strong></span> <span class='ocrx_word' id='word_1_31' title='bbox 224 435 252 487; x_wconf 93' lang='lat' dir='ltr'><strong>ni</strong></span> <span class='ocrx_word' id='word_1_32' title='bbox 263 435 304 487; x_wconf 84' lang='lat' dir='ltr'><strong>ita</strong></span> <span class='ocrx_word' id='word_1_33' title='bbox 314 434 419 501; x_wconf 65' lang='lat' dir='ltr'><strong>fuisset</strong></span> <span class='ocrx_word' id='word_1_34' title='bbox 432 433 550 489; x_wconf 76' lang='lat' dir='ltr'><strong>alterum</strong></span> <span class='ocrx_word' id='word_1_35' title='bbox 561 430 631 485; x_wconf 87' lang='lat' dir='ltr'><strong>illud</strong></span> <span class='ocrx_word' id='word_1_36' title='bbox 642 432 793 485; x_wconf 68' lang='lat' dir='ltr'><strong>exstitisset</strong></span> <span class='ocrx_word' id='word_1_37' title='bbox 810 432 902 487; x_wconf 89' lang='lat' dir='ltr'><strong>lumen</strong></span> <span class='ocrx_word' id='word_1_38' title='bbox 917 432 983 485; x_wconf 80' lang='lat' dir='ltr'><strong>eivi-</strong></span> 
     </span>
     <span class='ocr_line' id='line_1_6' title="bbox 131 508 983 579; baseline -0.005 -14"><span class='ocrx_word' id='word_1_39' title='bbox 131 511 212 576; x_wconf 83' lang='lat' dir='ltr'><strong>tatis;</strong></span> <span class='ocrx_word' id='word_1_40' title='bbox 231 510 266 564; x_wconf 83' lang='lat' dir='ltr'><strong>ad</strong></span> <span class='ocrx_word' id='word_1_41' title='bbox 278 514 420 579; x_wconf 80' lang='lat' dir='ltr'><strong>paternam</strong></span> <span class='ocrx_word' id='word_1_42' title='bbox 434 510 507 563; x_wconf 87' lang='lat' dir='ltr'><strong>euim</strong></span> <span class='ocrx_word' id='word_1_43' title='bbox 523 509 739 577; x_wconf 80' lang='lat' dir='ltr'><strong>magnitudinem</strong></span> <span class='ocrx_word' id='word_1_44' title='bbox 756 508 839 562; x_wconf 82' lang='lat' dir='ltr'><strong>animi</strong></span> <span class='ocrx_word' id='word_1_45' title='bbox 858 508 983 562; x_wconf 77' lang='lat' dir='ltr'><strong>doctrina</strong></span> 
     </span>
     <span class='ocr_line' id='line_1_7' title="bbox 131 584 981 652; baseline -0.004 -12"><span class='ocrx_word' id='word_1_46' title='bbox 131 586 242 641; x_wconf 85' lang='lat' dir='ltr'><strong>uberior</strong></span> <span class='ocrx_word' id='word_1_47' title='bbox 262 589 423 640; x_wconf 82' lang='lat' dir='ltr'><strong>accesserat.</strong></span> <span class='ocrx_word' id='word_1_48' title='bbox 460 584 533 651; x_wconf 82' lang='lat' dir='ltr'><strong>Quid</strong></span> <span class='ocrx_word' id='word_1_49' title='bbox 550 586 651 638; x_wconf 76' lang='lat' dir='ltr'><strong>nisinun</strong></span> <span class='ocrx_word' id='word_1_50' title='bbox 670 585 756 652; x_wconf 83' lang='lat' dir='ltr'><strong>igitur</strong></span> <span class='ocrx_word' id='word_1_51' title='bbox 774 584 802 637; x_wconf 88' lang='lat' dir='ltr'><strong>in</strong></span> <span class='ocrx_word' id='word_1_52' title='bbox 822 584 939 651; x_wconf 78' lang='lat' dir='ltr'><strong>senibus,</strong></span> <span class='ocrx_word' id='word_1_53' title='bbox 958 584 981 637; x_wconf 92' lang='lat' dir='ltr'><strong>si</strong></span> 
     </span>
    </p>
   </div>
   <div class='ocr_carea' id='block_1_4' title="bbox 131 653 1108 729">
    <p class='ocr_par' dir='ltr' id='par_1_4' title="bbox 131 653 1108 729">
     <span class='ocr_line' id='line_1_8' title="bbox 131 653 1108 729; baseline -0.001 -14"><span class='ocrx_word' id='word_1_54' title='bbox 131 653 232 715; x_wconf 83' lang='lat' dir='ltr'><strong>infirmi</strong></span> <span class='ocrx_word' id='word_1_55' title='bbox 245 664 308 715; x_wconf 67' lang='lat' dir='ltr'><strong>emt</strong></span> <span class='ocrx_word' id='word_1_56' title='bbox 320 661 473 729; x_wconf 84' lang='lat' dir='ltr'><strong>aliquando,</strong></span> <span class='ocrx_word' id='word_1_57' title='bbox 486 678 571 729; x_wconf 85' lang='lat' dir='ltr'><strong>quum</strong></span> <span class='ocrx_word' id='word_1_58' title='bbox 582 661 612 713; x_wconf 94' lang='lat' dir='ltr'><strong>id</strong></span> <span class='ocrx_word' id='word_1_59' title='bbox 624 678 661 713; x_wconf 88' lang='lat' dir='ltr'><strong>ne</strong></span> <span class='ocrx_word' id='word_1_60' title='bbox 670 661 857 715; x_wconf 85' lang='lat' dir='ltr'><strong>adolescentes</strong></span> <span class='ocrx_word' id='word_1_61' title='bbox 869 660 982 729; x_wconf 74' lang='lat' dir='ltr'><strong>qinidem</strong></span> <span class='ocrx_word' id='word_1_62' title='bbox 1061 695 1065 700; x_wconf 80' lang='lat'><strong>·</strong></span> <span class='ocrx_word' id='word_1_63' title='bbox 1106 694 1108 702; x_wconf 41' lang='grc' dir='ltr'><em>ι</em></span> 
     </span>
    </p>
   </div>
   <div class='ocr_carea' id='block_1_5' title="bbox 67 736 1039 1185">
    <p class='ocr_par' dir='ltr' id='par_1_5' title="bbox 67 736 1039 1185">
     <span class='ocr_line' id='line_1_9' title="bbox 132 736 980 807; baseline -0.001 -16"><span class='ocrx_word' id='word_1_64' title='bbox 132 738 253 807; x_wconf 75' lang='lat' dir='ltr'><strong>effingere</strong></span> <span class='ocrx_word' id='word_1_65' title='bbox 263 737 384 806; x_wconf 69' lang='lat' dir='ltr'><strong>poaeintl</strong></span> <span class='ocrx_word' id='word_1_66' title='bbox 421 737 623 803; x_wconf 80' lang='lat' dir='ltr'><strong>Resistendum,</strong></span> <span class='ocrx_word' id='word_1_67' title='bbox 637 736 712 789; x_wconf 84' lang='lat' dir='ltr'><strong>Laeli</strong></span> <span class='ocrx_word' id='word_1_68' title='bbox 729 740 758 790; x_wconf 92' lang='lat' dir='ltr'><strong>et</strong></span> <span class='ocrx_word' id='word_1_69' title='bbox 774 737 871 805; x_wconf 79' lang='lat' dir='ltr'><strong>Scipio,</strong></span> <span class='ocrx_word' id='word_1_70' title='bbox 888 753 980 790; x_wconf 89' lang='lat' dir='ltr'><strong>senee-</strong></span> 
     </span>
     <span class='ocr_line' id='line_1_10' title="bbox 132 812 982 883; baseline 0 -16"><span class='ocrx_word' id='word_1_71' title='bbox 132 814 187 868; x_wconf 81' lang='lat' dir='ltr'><strong>tuti</strong></span> <span class='ocrx_word' id='word_1_72' title='bbox 212 817 262 878; x_wconf 81' lang='lat' dir='ltr'><strong>est,</strong></span> <span class='ocrx_word' id='word_1_73' title='bbox 288 812 404 883; x_wconf 84' lang='lat' dir='ltr'><strong>ejusque</strong></span> <span class='ocrx_word' id='word_1_74' title='bbox 426 812 495 866; x_wconf 77' lang='lat' dir='ltr'><strong>vitia</strong></span> <span class='ocrx_word' id='word_1_75' title='bbox 516 812 659 881; x_wconf 77' lang='lat' dir='ltr'><strong>dlligentia</strong></span> <span class='ocrx_word' id='word_1_76' title='bbox 681 813 881 881; x_wconf 67' lang='lat' dir='ltr'><strong>eompenaenda</strong></span> <span class='ocrx_word' id='word_1_77' title='bbox 903 816 982 867; x_wconf 87' lang='lat' dir='ltr'><strong>sunt:</strong></span> 
     </span>
     <span class='ocr_line' id='line_1_11' title="bbox 133 888 982 961; baseline 0 -18"><span class='ocrx_word' id='word_1_78' title='bbox 133 889 310 961; x_wconf 81' lang='lat' dir='ltr'><strong>pugnandum</strong></span> <span class='ocrx_word' id='word_1_79' title='bbox 322 893 462 958; x_wconf 82' lang='lat' dir='ltr'><strong>tamquam</strong></span> <span class='ocrx_word' id='word_1_80' title='bbox 479 892 575 943; x_wconf 81' lang='lat' dir='ltr'><strong>contre</strong></span> <span class='ocrx_word' id='word_1_81' title='bbox 590 888 715 942; x_wconf 78' lang='lat' dir='ltr'><strong>morbum</strong></span> <span class='ocrx_word' id='word_1_82' title='bbox 728 891 873 942; x_wconf 69' lang='lat' dir='ltr'><strong>siccantes</strong></span> <span class='ocrx_word' id='word_1_83' title='bbox 890 906 982 943; x_wconf 87' lang='lat' dir='ltr'><strong>senee-</strong></span> 
     </span>
     <span class='ocr_line' id='line_1_12' title="bbox 67 964 1039 1038; baseline 0 -21"><span class='ocrx_word' id='word_1_84' title='bbox 67 1011 70 1017; x_wconf 89' lang='lat'><em>.</em></span> <span class='ocrx_word' id='word_1_85' title='bbox 134 968 229 1034; x_wconf 71' lang='lat' dir='ltr'><strong>testem</strong></span> <span class='ocrx_word' id='word_1_86' title='bbox 266 971 306 1038; x_wconf 83' lang='lat'><strong>36.</strong></span> <span class='ocrx_word' id='word_1_87' title='bbox 328 964 465 1018; x_wconf 76' lang='lat' dir='ltr'><strong>Habenda</strong></span> <span class='ocrx_word' id='word_1_88' title='bbox 476 964 548 1017; x_wconf 74' lang='lat' dir='ltr'><strong>satio</strong></span> <span class='ocrx_word' id='word_1_89' title='bbox 559 964 738 1029; x_wconf 79' lang='lat' dir='ltr'><strong>valetudinis3</strong></span> <span class='ocrx_word' id='word_1_90' title='bbox 759 965 892 1018; x_wconf 86' lang='lat' dir='ltr'><strong>utendum</strong></span> <span class='ocrx_word' id='word_1_91' title='bbox 905 982 981 1019; x_wconf 84' lang='lat' dir='ltr'><strong>exer-</strong></span> <span class='ocrx_word' id='word_1_92' title='bbox 1036 975 1039 979; x_wconf 85' lang='lat'>&#39;</span> 
     </span>
     <span class='ocr_line' id='line_1_13' title="bbox 134 1040 982 1108; baseline -0.002 -13"><span class='ocrx_word' id='word_1_93' title='bbox 134 1040 308 1095; x_wconf 79' lang='lat' dir='ltr'><strong>citationibus</strong></span> <span class='ocrx_word' id='word_1_94' title='bbox 328 1040 456 1103; x_wconf 89' lang='lat' dir='ltr'><strong>modieis;</strong></span> <span class='ocrx_word' id='word_1_95' title='bbox 473 1043 582 1093; x_wconf 83' lang='lat' dir='ltr'><strong>tuntum</strong></span> <span class='ocrx_word' id='word_1_96' title='bbox 600 1040 653 1093; x_wconf 85' lang='lat' dir='ltr'><strong>eibi</strong></span> <span class='ocrx_word' id='word_1_97' title='bbox 672 1044 701 1094; x_wconf 88' lang='lat' dir='ltr'><strong>et</strong></span> <span class='ocrx_word' id='word_1_98' title='bbox 716 1041 834 1108; x_wconf 92' lang='lat' dir='ltr'><strong>potionis</strong></span> <span class='ocrx_word' id='word_1_99' title='bbox 851 1041 982 1096; x_wconf 80' lang='lat' dir='ltr'><strong>adhiben-</strong></span> 
     </span>
     <span class='ocr_line' id='line_1_14' title="bbox 134 1116 983 1185; baseline 0 -14"><span class='ocrx_word' id='word_1_100' title='bbox 134 1118 200 1171; x_wconf 87' lang='lat' dir='ltr'><strong>dum</strong></span> <span class='ocrx_word' id='word_1_101' title='bbox 217 1121 250 1171; x_wconf 88' lang='lat' dir='ltr'><strong>nt</strong></span> <span class='ocrx_word' id='word_1_102' title='bbox 260 1117 427 1171; x_wconf 67' lang='lat' dir='ltr'><strong>relidantur</strong></span> <span class='ocrx_word' id='word_1_103' title='bbox 443 1116 524 1183; x_wconf 80' lang='lat' dir='ltr'><strong>vires,</strong></span> <span class='ocrx_word' id='word_1_104' title='bbox 540 1132 595 1168; x_wconf 90' lang='lat' dir='ltr'><strong>non</strong></span> <span class='ocrx_word' id='word_1_105' title='bbox 613 1116 812 1185; x_wconf 82' lang='lat' dir='ltr'><strong>opprimantur.</strong></span> <span class='ocrx_word' id='word_1_106' title='bbox 845 1118 872 1170; x_wconf 91' lang='lat' dir='ltr'>N</span> <span class='ocrx_word' id='word_1_107' title='bbox 873 1133 983 1171; x_wconf 83' lang='lat' dir='ltr'><strong>severo</strong></span> 
     </span>
    </p>
   </div>
   <div class='ocr_carea' id='block_1_6' title="bbox 134 1192 1102 1262">
    <p class='ocr_par' dir='ltr' id='par_1_6' title="bbox 134 1192 1102 1262">
     <span class='ocr_line' id='line_1_15' title="bbox 134 1192 1102 1262; baseline 0 -15"><span class='ocrx_word' id='word_1_108' title='bbox 134 1194 240 1262; x_wconf 74' lang='lat' dir='ltr'><strong>conponi</strong></span> <span class='ocrx_word' id='word_1_109' title='bbox 259 1192 308 1245; x_wconf 88' lang='lat' dir='ltr'><strong>soli</strong></span> <span class='ocrx_word' id='word_1_110' title='bbox 328 1192 545 1262; x_wconf 73' lang='lat' dir='ltr'><strong>subueniendum</strong></span> <span class='ocrx_word' id='word_1_111' title='bbox 563 1194 613 1259; x_wconf 87' lang='lat' dir='ltr'><strong>est,</strong></span> <span class='ocrx_word' id='word_1_112' title='bbox 633 1192 682 1245; x_wconf 90' lang='lat' dir='ltr'><strong>sed</strong></span> <span class='ocrx_word' id='word_1_113' title='bbox 698 1194 784 1246; x_wconf 87' lang='lat' dir='ltr'><strong>menti</strong></span> <span class='ocrx_word' id='word_1_114' title='bbox 796 1194 982 1262; x_wconf 83' lang='lat' dir='ltr'><strong>ntqueauimo</strong></span> <span class='ocrx_word' id='word_1_115' title='bbox 1094 1212 1102 1217; x_wconf 94' lang='lat'>·</span> 
     </span>
    </p>
   </div>
   <div class='ocr_carea' id='block_1_7' title="bbox 134 1268 985 1633">
    <p class='ocr_par' dir='ltr' id='par_1_7' title="bbox 134 1268 982 1337">
     <span class='ocr_line' id='line_1_16' title="bbox 134 1268 982 1337; baseline 0.002 -16"><span class='ocrx_word' id='word_1_116' title='bbox 134 1268 223 1323; x_wconf 82' lang='lat' dir='ltr'><strong>multo</strong></span> <span class='ocrx_word' id='word_1_117' title='bbox 238 1268 341 1336; x_wconf 79' lang='lat' dir='ltr'><strong>magis3</strong></span> <span class='ocrx_word' id='word_1_118' title='bbox 359 1284 422 1321; x_wconf 87' lang='lat' dir='ltr'><strong>nam</strong></span> <span class='ocrx_word' id='word_1_119' title='bbox 440 1268 509 1321; x_wconf 77' lang='lat' dir='ltr'><strong>haee</strong></span> <span class='ocrx_word' id='word_1_120' title='bbox 525 1284 641 1336; x_wconf 80' lang='lat' dir='ltr'><strong>quoque,</strong></span> <span class='ocrx_word' id='word_1_121' title='bbox 659 1268 712 1321; x_wconf 88' lang='lat' dir='ltr'><strong>nisi</strong></span> <span class='ocrx_word' id='word_1_122' title='bbox 728 1273 869 1337; x_wconf 83' lang='lat' dir='ltr'><strong>tamquam</strong></span> <span class='ocrx_word' id='word_1_123' title='bbox 886 1269 982 1323; x_wconf 87' lang='lat' dir='ltr'><strong>lumini</strong></span> 
     </span>
    </p>

    <p class='ocr_par' dir='ltr' id='par_1_8' title="bbox 135 1344 983 1413">
     <span class='ocr_line' id='line_1_17' title="bbox 135 1344 983 1413; baseline 0.002 -16"><span class='ocrx_word' id='word_1_124' title='bbox 135 1344 224 1399; x_wconf 89' lang='lat' dir='ltr'><strong>oleum</strong></span> <span class='ocrx_word' id='word_1_125' title='bbox 247 1344 368 1411; x_wconf 87' lang='lat' dir='ltr'><strong>instilles,</strong></span> <span class='ocrx_word' id='word_1_126' title='bbox 393 1344 606 1411; x_wconf 82' lang='lat' dir='ltr'><strong>exstinguuntur</strong></span> <span class='ocrx_word' id='word_1_127' title='bbox 625 1349 774 1398; x_wconf 74' lang='lat' dir='ltr'><strong>senectute.</strong></span> <span class='ocrx_word' id='word_1_128' title='bbox 811 1345 847 1398; x_wconf 85' lang='lat' dir='ltr'><strong>Ilt</strong></span> <span class='ocrx_word' id='word_1_129' title='bbox 869 1361 983 1413; x_wconf 70' lang='lat' dir='ltr'><strong>conpone</strong></span> 
     </span>
    </p>

    <p class='ocr_par' dir='ltr' id='par_1_9' title="bbox 135 1420 985 1489">
     <span class='ocr_line' id='line_1_18' title="bbox 135 1420 985 1489; baseline 0.004 -16"><span class='ocrx_word' id='word_1_130' title='bbox 135 1420 247 1489; x_wconf 88' lang='lat' dir='ltr'><strong>quidem</strong></span> <span class='ocrx_word' id='word_1_131' title='bbox 268 1420 466 1473; x_wconf 74' lang='lat' dir='ltr'><strong>exercitatione</strong></span> <span class='ocrx_word' id='word_1_132' title='bbox 482 1420 691 1488; x_wconf 64' lang='lat' dir='ltr'><strong>ingmveseunt:</strong></span> <span class='ocrx_word' id='word_1_133' title='bbox 707 1421 791 1473; x_wconf 84' lang='lat' dir='ltr'><strong>animi</strong></span> <span class='ocrx_word' id='word_1_134' title='bbox 827 1422 920 1473; x_wconf 83' lang='lat' dir='ltr'><strong>nutem</strong></span> <span class='ocrx_word' id='word_1_135' title='bbox 952 1439 985 1476; x_wconf 88' lang='lat' dir='ltr'><strong>se</strong></span> 
     </span>
    </p>

    <p class='ocr_par' dir='ltr' id='par_1_10' title="bbox 136 1494 817 1633">
     <span class='ocr_line' id='line_1_19' title="bbox 136 1494 817 1563; baseline -0.003 -12"><span class='ocrx_word' id='word_1_136' title='bbox 136 1496 287 1551; x_wconf 85' lang='lat' dir='ltr'><strong>exercendo</strong></span> <span class='ocrx_word' id='word_1_137' title='bbox 298 1496 432 1549; x_wconf 75' lang='lat' dir='ltr'><strong>leuantur.</strong></span> <span class='ocrx_word' id='word_1_138' title='bbox 465 1494 537 1549; x_wconf 81' lang='lat' dir='ltr'><strong>Nam</strong></span> <span class='ocrx_word' id='word_1_139' title='bbox 550 1512 621 1563; x_wconf 87' lang='lat' dir='ltr'><strong>quos</strong></span> <span class='ocrx_word' id='word_1_140' title='bbox 630 1496 670 1549; x_wconf 85' lang='lat' dir='ltr'><strong>ait</strong></span> <span class='ocrx_word' id='word_1_141' title='bbox 682 1496 817 1558; x_wconf 74' lang='lat' dir='ltr'><strong>Caecilius</strong></span> 
     </span>
     <span class='ocr_line' id='line_1_20' title="bbox 362 1573 736 1633; baseline 0 -12"><span class='ocrx_word' id='word_1_142' title='bbox 362 1574 532 1621; x_wconf 85' lang='lat' dir='ltr'><strong>¹--—eomieos</strong></span> <span class='ocrx_word' id='word_1_143' title='bbox 549 1573 641 1622; x_wconf 87' lang='lat' dir='ltr'><strong>stultos</strong></span> <span class='ocrx_word' id='word_1_144' title='bbox 657 1589 736 1633; x_wconf 87' lang='lat' dir='ltr'><strong>senes,</strong></span> 
     </span>
    </p>
   </div>
   <div class='ocr_carea' id='block_1_8' title="bbox 136 1636 984 1720">
    <p class='ocr_par' dir='ltr' id='par_1_11' title="bbox 136 1636 984 1720">
     <span class='ocr_line' id='line_1_21' title="bbox 136 1636 984 1720; baseline 0.002 -17"><span class='ocrx_word' id='word_1_145' title='bbox 136 1650 185 1703; x_wconf 73' lang='lat' dir='ltr'><strong>nos</strong></span> <span class='ocrx_word' id='word_1_146' title='bbox 197 1651 333 1719; x_wconf 79' lang='lat' dir='ltr'><strong>significat</strong></span> <span class='ocrx_word' id='word_1_147' title='bbox 349 1636 984 1720; x_wconf 69' lang='lat' dir='ltr'><strong>eremoe‚0auaaos,nss01us0s;qeeviua</strong></span> 
     </span>
    </p>
   </div>
   <div class='ocr_carea' id='block_1_9' title="bbox 137 1720 1108 1794">
    <p class='ocr_par' dir='ltr' id='par_1_12' title="bbox 137 1720 1108 1794">
     <span class='ocr_line' id='line_1_22' title="bbox 137 1720 1108 1794; baseline 0.001 -13"><span class='ocrx_word' id='word_1_148' title='bbox 137 1733 201 1781; x_wconf 77' lang='lat' dir='ltr'><strong>unu</strong></span> <span class='ocrx_word' id='word_1_149' title='bbox 217 1744 273 1779; x_wconf 89' lang='lat' dir='ltr'><strong>non</strong></span> <span class='ocrx_word' id='word_1_150' title='bbox 289 1726 444 1793; x_wconf 77' lang='lat' dir='ltr'><strong>senectutis,</strong></span> <span class='ocrx_word' id='word_1_151' title='bbox 464 1726 513 1779; x_wconf 90' lang='lat' dir='ltr'><strong>sed</strong></span> <span class='ocrx_word' id='word_1_152' title='bbox 525 1726 630 1791; x_wconf 80' lang='lat' dir='ltr'><strong>inertis,</strong></span> <span class='ocrx_word' id='word_1_153' title='bbox 648 1726 769 1794; x_wconf 73' lang='lat' dir='ltr'><strong>ignavae,</strong></span> <span class='ocrx_word' id='word_1_154' title='bbox 788 1720 986 1788; x_wconf 85' lang='lat' dir='ltr'><strong>somniculosae</strong></span> <span class='ocrx_word' id='word_1_155' title='bbox 1038 1774 1042 1781; x_wconf 93' lang='lat'>.</span> <span class='ocrx_word' id='word_1_156' title='bbox 1106 1733 1108 1748; x_wconf 92' lang='lat'>&#39;</span> 
     </span>
    </p>
   </div>
   <div class='ocr_carea' id='block_1_10' title="bbox 137 1798 986 2023">
    <p class='ocr_par' dir='ltr' id='par_1_13' title="bbox 137 1798 986 2023">
     <span class='ocr_line' id='line_1_23' title="bbox 137 1798 986 1874; baseline 0 -17"><span class='ocrx_word' id='word_1_157' title='bbox 137 1802 293 1874; x_wconf 81' lang='lat' dir='ltr'><strong>senectutis</strong></span> <span class='ocrx_word' id='word_1_158' title='bbox 328 1802 371 1855; x_wconf 82' lang='lat' dir='ltr'><strong>Ut</strong></span> <span class='ocrx_word' id='word_1_159' title='bbox 388 1802 546 1870; x_wconf 78' lang='lat' dir='ltr'><strong>petulantia,</strong></span> <span class='ocrx_word' id='word_1_160' title='bbox 565 1805 598 1855; x_wconf 85' lang='lat' dir='ltr'><strong>ut</strong></span> <span class='ocrx_word' id='word_1_161' title='bbox 613 1802 698 1855; x_wconf 85' lang='lat' dir='ltr'><strong>libido</strong></span> <span class='ocrx_word' id='word_1_162' title='bbox 715 1798 803 1871; x_wconf 60' lang='lat' dir='ltr'><strong>magiis</strong></span> <span class='ocrx_word' id='word_1_163' title='bbox 820 1808 863 1858; x_wconf 87' lang='lat' dir='ltr'><strong>est</strong></span> <span class='ocrx_word' id='word_1_164' title='bbox 879 1804 986 1857; x_wconf 74' lang='lat' dir='ltr'><strong>adoles-</strong></span> 
     </span>
     <span class='ocr_line' id='line_1_24' title="bbox 137 1878 985 1947; baseline 0.002 -16"><span class='ocrx_word' id='word_1_165' title='bbox 137 1878 255 1932; x_wconf 84' lang='lat' dir='ltr'><strong>eentium</strong></span> <span class='ocrx_word' id='word_1_166' title='bbox 277 1894 360 1947; x_wconf 78' lang='lat' dir='ltr'><strong>quam</strong></span> <span class='ocrx_word' id='word_1_167' title='bbox 382 1894 485 1945; x_wconf 86' lang='lat' dir='ltr'><strong>senum,</strong></span> <span class='ocrx_word' id='word_1_168' title='bbox 505 1894 556 1931; x_wconf 86' lang='lat' dir='ltr'><strong>nec</strong></span> <span class='ocrx_word' id='word_1_169' title='bbox 575 1881 668 1931; x_wconf 83' lang='lat' dir='ltr'><strong>temen</strong></span> <span class='ocrx_word' id='word_1_170' title='bbox 691 1880 812 1933; x_wconf 85' lang='lat' dir='ltr'><strong>omnium</strong></span> <span class='ocrx_word' id='word_1_171' title='bbox 830 1880 985 1934; x_wconf 72' lang='lat' dir='ltr'><strong>adolescen-</strong></span> 
     </span>
     <span class='ocr_line' id='line_1_25' title="bbox 138 1952 986 2023; baseline 0.004 -16"><span class='ocrx_word' id='word_1_172' title='bbox 138 1953 214 2021; x_wconf 76' lang='lat' dir='ltr'><strong>uun,</strong></span> <span class='ocrx_word' id='word_1_173' title='bbox 226 1954 275 2007; x_wconf 83' lang='lat' dir='ltr'><strong>sed</strong></span> <span class='ocrx_word' id='word_1_174' title='bbox 286 1970 338 2007; x_wconf 92' lang='lat' dir='ltr'><strong>non</strong></span> <span class='ocrx_word' id='word_1_175' title='bbox 351 1952 512 2022; x_wconf 79' lang='lat' dir='ltr'><strong>proborum3</strong></span> <span class='ocrx_word' id='word_1_176' title='bbox 531 1954 570 2007; x_wconf 90' lang='lat' dir='ltr'><strong>sie</strong></span> <span class='ocrx_word' id='word_1_177' title='bbox 587 1954 641 2007; x_wconf 84' lang='lat' dir='ltr'><strong>ista</strong></span> <span class='ocrx_word' id='word_1_178' title='bbox 660 1955 751 2007; x_wconf 71' lang='lat' dir='ltr'><strong>smilis</strong></span> <span class='ocrx_word' id='word_1_179' title='bbox 769 1956 893 2023; x_wconf 78' lang='lat' dir='ltr'><strong>stultitia,</strong></span> <span class='ocrx_word' id='word_1_180' title='bbox 913 1973 986 2023; x_wconf 84' lang='lat' dir='ltr'><strong>quae</strong></span> 
     </span>
    </p>
   </div>
   <div class='ocr_carea' id='block_1_11' title="bbox 138 2003 1108 2099">
    <p class='ocr_par' dir='ltr' id='par_1_14' title="bbox 138 2003 1108 2099">
     <span class='ocr_line' id='line_1_26' title="bbox 138 2003 1108 2099; baseline -0.011 -17"><span class='ocrx_word' id='word_1_181' title='bbox 138 2030 263 2083; x_wconf 84' lang='lat' dir='ltr'><strong>deliratio</strong></span> <span class='ocrx_word' id='word_1_182' title='bbox 279 2030 409 2099; x_wconf 84' lang='lat' dir='ltr'><strong>appellari</strong></span> <span class='ocrx_word' id='word_1_183' title='bbox 430 2030 507 2098; x_wconf 86' lang='lat' dir='ltr'><strong>solet,</strong></span> <span class='ocrx_word' id='word_1_184' title='bbox 526 2046 623 2083; x_wconf 89' lang='lat' dir='ltr'><strong>senum</strong></span> <span class='ocrx_word' id='word_1_185' title='bbox 640 2029 740 2083; x_wconf 77' lang='lat' dir='ltr'><strong>levium</strong></span> <span class='ocrx_word' id='word_1_186' title='bbox 760 2036 810 2089; x_wconf 69' lang='lat' dir='ltr'><strong>eet,</strong></span> <span class='ocrx_word' id='word_1_187' title='bbox 829 2049 881 2084; x_wconf 79' lang='lat' dir='ltr'><strong>non</strong></span> <span class='ocrx_word' id='word_1_188' title='bbox 900 2032 987 2085; x_wconf 73' lang='lat' dir='ltr'><strong>omni.</strong></span> <span class='ocrx_word' id='word_1_189' title='bbox 1036 2054 1041 2059; x_wconf 88' lang='lat'>·</span> <span class='ocrx_word' id='word_1_190' title='bbox 1106 2003 1108 2030; x_wconf 68' lang='lat'>⁵</span> 
     </span>
    </p>
   </div>
   <div class='ocr_carea' id='block_1_12' title="bbox 98 2106 1053 2552">
    <p class='ocr_par' dir='ltr' id='par_1_15' title="bbox 98 2106 1053 2552">
     <span class='ocr_line' id='line_1_27' title="bbox 138 2106 985 2174; baseline 0.002 -15"><span class='ocrx_word' id='word_1_191' title='bbox 138 2122 193 2159; x_wconf 89' lang='lat' dir='ltr'><strong>um.</strong></span> <span class='ocrx_word' id='word_1_192' title='bbox 228 2110 268 2164; x_wconf 83' lang='lat'><strong>37.</strong></span> <span class='ocrx_word' id='word_1_193' title='bbox 292 2106 428 2171; x_wconf 69' lang='lat' dir='ltr'><strong>emitae</strong></span> <span class='ocrx_word' id='word_1_194' title='bbox 449 2106 576 2161; x_wconf 83' lang='lat' dir='ltr'><strong>robustos</strong></span> <span class='ocrx_word' id='word_1_195' title='bbox 597 2106 674 2172; x_wconf 78' lang='lat' dir='ltr'><strong>filios,</strong></span> <span class='ocrx_word' id='word_1_196' title='bbox 692 2106 815 2174; x_wconf 77' lang='lat' dir='ltr'><strong>quinque</strong></span> <span class='ocrx_word' id='word_1_197' title='bbox 832 2108 907 2172; x_wconf 69' lang='lat' dir='ltr'><strong>libas</strong></span> <span class='ocrx_word' id='word_1_198' title='bbox 925 2111 985 2161; x_wconf 79' lang='lat' dir='ltr'><strong>ten-</strong></span> 
     </span>
     <span class='ocr_line' id='line_1_28' title="bbox 138 2182 985 2250; baseline 0.001 -15"><span class='ocrx_word' id='word_1_199' title='bbox 138 2186 194 2235; x_wconf 81' lang='lat' dir='ltr'><strong>tem</strong></span> <span class='ocrx_word' id='word_1_200' title='bbox 206 2182 324 2247; x_wconf 87' lang='lat' dir='ltr'><strong>domum,</strong></span> <span class='ocrx_word' id='word_1_201' title='bbox 341 2187 433 2237; x_wconf 81' lang='lat' dir='ltr'><strong>tantas</strong></span> <span class='ocrx_word' id='word_1_202' title='bbox 449 2182 592 2237; x_wconf 76' lang='lat' dir='ltr'><strong>clientelas</strong></span> <span class='ocrx_word' id='word_1_203' title='bbox 603 2182 713 2250; x_wconf 82' lang='lat' dir='ltr'><strong>Appius</strong></span> <span class='ocrx_word' id='word_1_204' title='bbox 723 2182 837 2248; x_wconf 81' lang='lat' dir='ltr'><strong>regebat</strong></span> <span class='ocrx_word' id='word_1_205' title='bbox 848 2192 877 2235; x_wconf 85' lang='lat' dir='ltr'><strong>et</strong></span> <span class='ocrx_word' id='word_1_206' title='bbox 889 2199 985 2236; x_wconf 74' lang='lat' dir='ltr'><strong>caecus</strong></span> 
     </span>
     <span class='ocr_line' id='line_1_29' title="bbox 98 2258 985 2327; baseline -0.001 -15"><span class='ocrx_word' id='word_1_207' title='bbox 98 2280 101 2289; x_wconf 90' lang='lat'><strong>·</strong></span> <span class='ocrx_word' id='word_1_208' title='bbox 139 2262 167 2312; x_wconf 83' lang='lat' dir='ltr'><strong>et</strong></span> <span class='ocrx_word' id='word_1_209' title='bbox 190 2275 280 2312; x_wconf 86' lang='lat' dir='ltr'><strong>senex.</strong></span> <span class='ocrx_word' id='word_1_210' title='bbox 325 2258 467 2311; x_wconf 85' lang='lat' dir='ltr'><strong>intentum</strong></span> <span class='ocrx_word' id='word_1_211' title='bbox 490 2258 565 2311; x_wconf 87' lang='lat' dir='ltr'><strong>enim</strong></span> <span class='ocrx_word' id='word_1_212' title='bbox 586 2258 706 2311; x_wconf 83' lang='lat' dir='ltr'><strong>animum</strong></span> <span class='ocrx_word' id='word_1_213' title='bbox 729 2262 868 2327; x_wconf 82' lang='lat' dir='ltr'><strong>tamquam</strong></span> <span class='ocrx_word' id='word_1_214' title='bbox 891 2275 985 2311; x_wconf 68' lang='lat' dir='ltr'><strong>areium</strong></span> 
     </span>
     <span class='ocr_line' id='line_1_30' title="bbox 138 2330 1053 2401; baseline 0 -14"><span class='ocrx_word' id='word_1_215' title='bbox 138 2334 263 2400; x_wconf 83' lang='lat' dir='ltr'><strong>habebnt,</strong></span> <span class='ocrx_word' id='word_1_216' title='bbox 276 2334 515 2401; x_wconf 80' lang='lat' dir='ltr'><strong>neclangnesecns</strong></span> <span class='ocrx_word' id='word_1_217' title='bbox 527 2333 873 2389; x_wconf 76' lang='lat' dir='ltr'><strong>sueenmbebatsenectuti.</strong></span> <span class='ocrx_word' id='word_1_218' title='bbox 900 2334 984 2387; x_wconf 80' lang='lat' dir='ltr'><strong>&#39;lene</strong></span> <span class='ocrx_word' id='word_1_219' title='bbox 1051 2330 1053 2334; x_wconf 78' lang='grc'><strong>’</strong></span> 
     </span>
     <span class='ocr_line' id='line_1_31' title="bbox 138 2408 986 2479; baseline 0.001 -16"><span class='ocrx_word' id='word_1_220' title='bbox 138 2408 187 2463; x_wconf 84' lang='lat' dir='ltr'><strong>bat</strong></span> <span class='ocrx_word' id='word_1_221' title='bbox 210 2426 263 2463; x_wconf 87' lang='lat' dir='ltr'><strong>nen</strong></span> <span class='ocrx_word' id='word_1_222' title='bbox 286 2409 367 2461; x_wconf 90' lang='lat' dir='ltr'><strong>modo</strong></span> <span class='ocrx_word' id='word_1_223' title='bbox 390 2408 591 2476; x_wconf 62' lang='lat' dir='ltr'><strong>sedulitatem,</strong></span> <span class='ocrx_word' id='word_1_224' title='bbox 616 2408 666 2460; x_wconf 88' lang='lat' dir='ltr'><strong>sed</strong></span> <span class='ocrx_word' id='word_1_225' title='bbox 691 2410 774 2462; x_wconf 85' lang='lat' dir='ltr'><strong>etiam</strong></span> <span class='ocrx_word' id='word_1_226' title='bbox 795 2410 938 2479; x_wconf 84' lang='lat' dir='ltr'><strong>imperimn</strong></span> <span class='ocrx_word' id='word_1_227' title='bbox 957 2411 986 2464; x_wconf 91' lang='lat' dir='ltr'><strong>in</strong></span> 
     </span>
     <span class='ocr_line' id='line_1_32' title="bbox 139 2483 986 2552; baseline 0.002 -14"><span class='ocrx_word' id='word_1_228' title='bbox 139 2502 215 2539; x_wconf 79' lang='lat' dir='ltr'><strong>mos:</strong></span> <span class='ocrx_word' id='word_1_229' title='bbox 232 2484 393 2538; x_wconf 78' lang='lat' dir='ltr'><strong>memebsnt</strong></span> <span class='ocrx_word' id='word_1_230' title='bbox 409 2485 488 2548; x_wconf 82' lang='lat' dir='ltr'><strong>servi,</strong></span> <span class='ocrx_word' id='word_1_231' title='bbox 503 2483 669 2537; x_wconf 83' lang='lat' dir='ltr'><strong>verebantur</strong></span> <span class='ocrx_word' id='word_1_232' title='bbox 687 2484 986 2552; x_wconf 75' lang='lat' dir='ltr'><strong>libeni,eamm0m1ies</strong></span> 
     </span>
    </p>
   </div>
   <div class='ocr_carea' id='block_1_13' title="bbox 139 2560 1062 2629">
    <p class='ocr_par' dir='ltr' id='par_1_16' title="bbox 139 2560 1062 2629">
     <span class='ocr_line' id='line_1_33' title="bbox 139 2560 1062 2629; baseline -0.004 -14"><span class='ocrx_word' id='word_1_233' title='bbox 139 2560 291 2615; x_wconf 79' lang='lat' dir='ltr'><strong>habebunt:</strong></span> <span class='ocrx_word' id='word_1_234' title='bbox 306 2560 417 2628; x_wconf 78' lang='lat' dir='ltr'><strong>uigebat</strong></span> <span class='ocrx_word' id='word_1_235' title='bbox 433 2561 461 2613; x_wconf 90' lang='lat' dir='ltr'><strong>in</strong></span> <span class='ocrx_word' id='word_1_236' title='bbox 477 2560 524 2613; x_wconf 85' lang='lat' dir='ltr'><strong>illa</strong></span> <span class='ocrx_word' id='word_1_237' title='bbox 548 2560 629 2612; x_wconf 75' lang='lat' dir='ltr'><strong>denno</strong></span> <span class='ocrx_word' id='word_1_238' title='bbox 652 2577 711 2613; x_wconf 89' lang='lat' dir='ltr'><strong>mes</strong></span> <span class='ocrx_word' id='word_1_239' title='bbox 731 2562 836 2629; x_wconf 71' lang='lat' dir='ltr'><strong>patum</strong></span> <span class='ocrx_word' id='word_1_240' title='bbox 859 2567 889 2616; x_wconf 91' lang='lat' dir='ltr'><strong>et</strong></span> <span class='ocrx_word' id='word_1_241' title='bbox 907 2562 986 2615; x_wconf 85' lang='lat' dir='ltr'><strong>disci·</strong></span> <span class='ocrx_word' id='word_1_242' title='bbox 1058 2605 1062 2611; x_wconf 92' lang='lat'><em>.</em></span> 
     </span>
    </p>
   </div>
   <div class='ocr_carea' id='block_1_14' title="bbox 139 2636 987 2855">
    <p class='ocr_par' dir='ltr' id='par_1_17' title="bbox 139 2636 987 2855">
     <span class='ocr_line' id='line_1_34' title="bbox 139 2636 987 2706; baseline 0.002 -17"><span class='ocrx_word' id='word_1_243' title='bbox 139 2636 218 2705; x_wconf 85' lang='lat' dir='ltr'><strong>plina.</strong></span> <span class='ocrx_word' id='word_1_244' title='bbox 255 2643 295 2690; x_wconf 67' lang='lat'><strong>38</strong></span> <span class='ocrx_word' id='word_1_245' title='bbox 328 2637 372 2690; x_wconf 82' lang='lat' dir='ltr'><strong>lte</strong></span> <span class='ocrx_word' id='word_1_246' title='bbox 396 2637 467 2689; x_wconf 82' lang='lat' dir='ltr'><strong>enini</strong></span> <span class='ocrx_word' id='word_1_247' title='bbox 492 2640 620 2689; x_wconf 84' lang='lat' dir='ltr'><strong>senectus</strong></span> <span class='ocrx_word' id='word_1_248' title='bbox 639 2636 754 2689; x_wconf 82' lang='lat' dir='ltr'><strong>honesta</strong></span> <span class='ocrx_word' id='word_1_249' title='bbox 773 2640 815 2690; x_wconf 86' lang='lat' dir='ltr'><strong>est</strong></span> <span class='ocrx_word' id='word_1_250' title='bbox 834 2639 856 2690; x_wconf 88' lang='lat' dir='ltr'><strong>si</strong></span> <span class='ocrx_word' id='word_1_251' title='bbox 877 2655 908 2691; x_wconf 90' lang='lat' dir='ltr'><strong>se</strong></span> <span class='ocrx_word' id='word_1_252' title='bbox 927 2638 987 2706; x_wconf 87' lang='lat' dir='ltr'><strong>ipsa</strong></span> 
     </span>
     <span class='ocr_line' id='line_1_35' title="bbox 140 2711 986 2781; baseline 0.001 -15"><span class='ocrx_word' id='word_1_253' title='bbox 140 2711 270 2778; x_wconf 64' lang='lat' dir='ltr'><strong>defendit,</strong></span> <span class='ocrx_word' id='word_1_254' title='bbox 289 2714 311 2764; x_wconf 90' lang='lat' dir='ltr'><strong>si</strong></span> <span class='ocrx_word' id='word_1_255' title='bbox 323 2712 465 2779; x_wconf 88' lang='lat' dir='ltr'><strong>jussuum</strong></span> <span class='ocrx_word' id='word_1_256' title='bbox 482 2712 590 2777; x_wconf 85' lang='lat' dir='ltr'><strong>retinet,</strong></span> <span class='ocrx_word' id='word_1_257' title='bbox 606 2712 629 2763; x_wconf 93' lang='lat' dir='ltr'><strong>si</strong></span> <span class='ocrx_word' id='word_1_258' title='bbox 646 2712 748 2763; x_wconf 79' lang='lat' dir='ltr'><strong>nunini</strong></span> <span class='ocrx_word' id='word_1_259' title='bbox 767 2714 921 2781; x_wconf 78' lang='lat' dir='ltr'><strong>mancipatu</strong></span> <span class='ocrx_word' id='word_1_260' title='bbox 937 2718 986 2781; x_wconf 85' lang='lat' dir='ltr'><strong>est,</strong></span> 
     </span>
     <span class='ocr_line' id='line_1_36' title="bbox 140 2786 986 2855; baseline 0.001 -14"><span class='ocrx_word' id='word_1_261' title='bbox 140 2789 161 2841; x_wconf 85' lang='lat' dir='ltr'><strong>si</strong></span> <span class='ocrx_word' id='word_1_262' title='bbox 180 2803 268 2855; x_wconf 88' lang='lat' dir='ltr'><strong>usque</strong></span> <span class='ocrx_word' id='word_1_263' title='bbox 283 2788 319 2840; x_wconf 85' lang='lat' dir='ltr'><strong>ad</strong></span> <span class='ocrx_word' id='word_1_264' title='bbox 336 2788 462 2841; x_wconf 91' lang='lat' dir='ltr'><strong>ultimum</strong></span> <span class='ocrx_word' id='word_1_265' title='bbox 479 2786 607 2855; x_wconf 85' lang='lat' dir='ltr'><strong>spiritum</strong></span> <span class='ocrx_word' id='word_1_266' title='bbox 621 2786 777 2839; x_wconf 84' lang='lat' dir='ltr'><strong>dominatur</strong></span> <span class='ocrx_word' id='word_1_267' title='bbox 795 2788 824 2839; x_wconf 90' lang='lat' dir='ltr'><strong>in</strong></span> <span class='ocrx_word' id='word_1_268' title='bbox 842 2804 911 2843; x_wconf 87' lang='lat' dir='ltr'><strong>suos.</strong></span> <span class='ocrx_word' id='word_1_269' title='bbox 947 2789 986 2842; x_wconf 89' lang='lat' dir='ltr'><strong>Ut</strong></span> 
     </span>
    </p>
   </div>
   <div class='ocr_carea' id='block_1_15' title="bbox 140 2861 1081 2931">
    <p class='ocr_par' dir='ltr' id='par_1_18' title="bbox 140 2861 1081 2931">
     <span class='ocr_line' id='line_1_37' title="bbox 140 2861 1081 2931; baseline 0.001 -15"><span class='ocrx_word' id='word_1_270' title='bbox 140 2864 211 2917; x_wconf 89' lang='lat' dir='ltr'><strong>enim</strong></span> <span class='ocrx_word' id='word_1_271' title='bbox 226 2862 428 2915; x_wconf 85' lang='lat' dir='ltr'><strong>adolescentem</strong></span> <span class='ocrx_word' id='word_1_272' title='bbox 447 2864 475 2915; x_wconf 94' lang='lat' dir='ltr'><strong>in</strong></span> <span class='ocrx_word' id='word_1_273' title='bbox 495 2878 549 2931; x_wconf 80' lang='lat' dir='ltr'><strong>quo</strong></span> <span class='ocrx_word' id='word_1_274' title='bbox 565 2861 650 2914; x_wconf 86' lang='lat' dir='ltr'><strong>senile</strong></span> <span class='ocrx_word' id='word_1_275' title='bbox 662 2862 773 2929; x_wconf 75' lang='lat' dir='ltr'><strong>aliqisid,</strong></span> <span class='ocrx_word' id='word_1_276' title='bbox 792 2864 832 2915; x_wconf 86' lang='lat' dir='ltr'><strong>sie</strong></span> <span class='ocrx_word' id='word_1_277' title='bbox 847 2880 941 2917; x_wconf 84' lang='lat' dir='ltr'><strong>senem</strong></span> <span class='ocrx_word' id='word_1_278' title='bbox 958 2864 986 2917; x_wconf 91' lang='lat' dir='ltr'><strong>in</strong></span> <span class='ocrx_word' id='word_1_279' title='bbox 1078 2893 1081 2899; x_wconf 85' lang='grc'>·</span> 
     </span>
    </p>
   </div>
   <div class='ocr_carea' id='block_1_16' title="bbox 140 2936 990 3233">
    <p class='ocr_par' dir='ltr' id='par_1_19' title="bbox 140 2936 990 3233">
     <span class='ocr_line' id='line_1_38' title="bbox 140 2936 987 3007; baseline 0.001 -15"><span class='ocrx_word' id='word_1_280' title='bbox 140 2956 194 3007; x_wconf 90' lang='lat' dir='ltr'><strong>quo</strong></span> <span class='ocrx_word' id='word_1_281' title='bbox 210 2942 253 2993; x_wconf 85' lang='lat' dir='ltr'><strong>est</strong></span> <span class='ocrx_word' id='word_1_282' title='bbox 269 2938 373 3005; x_wconf 75' lang='lat' dir='ltr'><strong>aliquid</strong></span> <span class='ocrx_word' id='word_1_283' title='bbox 391 2936 574 2991; x_wconf 83' lang='lat' dir='ltr'><strong>adolescentis</strong></span> <span class='ocrx_word' id='word_1_284' title='bbox 586 2936 688 3003; x_wconf 78' lang='lat' dir='ltr'><strong>preb03</strong></span> <span class='ocrx_word' id='word_1_285' title='bbox 707 2938 782 3005; x_wconf 86' lang='lat' dir='ltr'><strong>qued</strong></span> <span class='ocrx_word' id='word_1_286' title='bbox 797 2939 845 3006; x_wconf 86' lang='lat' dir='ltr'><strong>qui</strong></span> <span class='ocrx_word' id='word_1_287' title='bbox 864 2940 987 3007; x_wconf 71' lang='lat' dir='ltr'><strong>sequtus</strong></span> 
     </span>
     <span class='ocr_line' id='line_1_39' title="bbox 140 3012 986 3083; baseline 0.001 -16"><span class='ocrx_word' id='word_1_288' title='bbox 140 3030 254 3083; x_wconf 74' lang='lat' dir='ltr'><strong>conpore</strong></span> <span class='ocrx_word' id='word_1_289' title='bbox 265 3029 348 3067; x_wconf 86' lang='lat' dir='ltr'><strong>senex</strong></span> <span class='ocrx_word' id='word_1_290' title='bbox 360 3028 420 3065; x_wconf 84' lang='lat' dir='ltr'><strong>esse</strong></span> <span class='ocrx_word' id='word_1_291' title='bbox 431 3012 541 3081; x_wconf 72' lang='lat' dir='ltr'><strong>poterit,</strong></span> <span class='ocrx_word' id='word_1_292' title='bbox 555 3012 646 3065; x_wconf 85' lang='lat' dir='ltr'><strong>anime</strong></span> <span class='ocrx_word' id='word_1_293' title='bbox 657 3028 796 3078; x_wconf 82' lang='lat' dir='ltr'><strong>nunquam</strong></span> <span class='ocrx_word' id='word_1_294' title='bbox 808 3015 872 3067; x_wconf 76' lang='lat' dir='ltr'><strong>esit-</strong></span> <span class='ocrx_word' id='word_1_295' title='bbox 898 3016 986 3083; x_wconf 76' lang='lat' dir='ltr'><strong>Septi-</strong></span> 
     </span>
     <span class='ocr_line' id='line_1_40' title="bbox 141 3086 988 3155; baseline 0.004 -14"><span class='ocrx_word' id='word_1_296' title='bbox 141 3105 201 3143; x_wconf 87' lang='lat' dir='ltr'><strong>mus</strong></span> <span class='ocrx_word' id='word_1_297' title='bbox 219 3089 286 3143; x_wconf 89' lang='lat' dir='ltr'><strong>mihi</strong></span> <span class='ocrx_word' id='word_1_298' title='bbox 302 3087 444 3155; x_wconf 81' lang='lat' dir='ltr'><strong>Oiiginum</strong></span> <span class='ocrx_word' id='word_1_299' title='bbox 461 3086 533 3141; x_wconf 76' lang='lat' dir='ltr'><strong>libes</strong></span> <span class='ocrx_word' id='word_1_300' title='bbox 549 3087 638 3141; x_wconf 83' lang='lat' dir='ltr'><strong>estin</strong></span> <span class='ocrx_word' id='word_1_301' title='bbox 655 3087 793 3141; x_wconf 88' lang='lat' dir='ltr'><strong>manibus:</strong></span> <span class='ocrx_word' id='word_1_302' title='bbox 812 3090 902 3142; x_wconf 86' lang='lat' dir='ltr'><strong>omnia</strong></span> <span class='ocrx_word' id='word_1_303' title='bbox 919 3092 988 3144; x_wconf 83' lang='lat' dir='ltr'><strong>anti-</strong></span> 
     </span>
     <span class='ocr_line' id='line_1_41' title="bbox 142 3162 990 3233; baseline 0.008 -18"><span class='ocrx_word' id='word_1_304' title='bbox 142 3164 257 3231; x_wconf 84' lang='lat' dir='ltr'><strong>quitatis</strong></span> <span class='ocrx_word' id='word_1_305' title='bbox 270 3166 446 3217; x_wconf 84' lang='lat' dir='ltr'><strong>monumenta</strong></span> <span class='ocrx_word' id='word_1_306' title='bbox 457 3162 567 3230; x_wconf 85' lang='lat' dir='ltr'><strong>collige:</strong></span> <span class='ocrx_word' id='word_1_307' title='bbox 585 3177 729 3215; x_wconf 77' lang='lat' dir='ltr'><strong>eiusurmu</strong></span> <span class='ocrx_word' id='word_1_308' title='bbox 746 3162 891 3218; x_wconf 80' lang='lat' dir='ltr'><strong>illustrius</strong></span> <span class='ocrx_word' id='word_1_309' title='bbox 910 3182 990 3233; x_wconf 78' lang='lat' dir='ltr'><strong>quas-</strong></span> 
     </span>
    </p>
   </div>
   <div class='ocr_carea' id='block_1_17' title="bbox 0 0 1135 3542">
    <p class='ocr_par' dir='ltr' id='par_1_20' title="bbox 0 0 1135 3542">
     <span class='ocr_line' id='line_1_42' title="bbox 0 0 1135 3542; baseline 0 0"><span class='ocrx_word' id='word_1_310' title='bbox 0 0 1135 3542; x_wconf 95' lang='lat' dir='ltr'><strong> </strong></span> 
     </span>
    </p>
   </div>
  </div>
 </body>
</html>
