2242 3542
92 92 124 139 54
318 58 503 135 sarcinii
527 82 717 131 croaaours

92 170 270 233 delcetantur,
282 173 312 223 et
324 168 343 221 ii
356 168 404 237 qui
416 183 495 220 snum
509 165 650 233 negotium
666 166 766 231 gerunt
779 163 867 229 otiosi,
883 180 944 230 pos-

93 250 181 299 tremo
205 245 223 298 ii
247 246 295 314 qui
318 262 347 298 se
370 247 445 297 totos
469 242 644 296 tradiderunt
668 239 861 308 voluptatibus,
887 242 944 293 siue

93 322 212 375 amicitia
231 322 314 374 vitam
329 338 388 373 esse
407 320 515 383 nullam
535 318 558 371 si
582 317 663 370 modo
687 316 771 370 velint
794 317 886 384 aliqua
910 334 944 369 ex

51 422 70 459 a
93 403 173 467 parte
194 396 344 450 liberaliter
363 396 461 449 vivere.
497 399 537 451 si.
561 393 654 461 Serpit
677 394 749 445 enim
769 393 945 460 nescioquo

51 476 55 515 l
93 474 174 527 modo
199 490 250 540 per
279 472 398 524 omnium
422 472 492 525 vitas
515 471 643 535 amicitia,
667 486 716 521 nec
740 468 822 521 ullam
845 470 945 523 aetatis

94 549 235 617 degendae
260 548 392 601 rationem
416 548 523 615 patitur
542 563 602 600 esse
623 549 765 613 expertem
785 546 837 599 sui.
873 548 946 611 Quin

93 626 177 679 etiam
194 625 216 677 si
234 624 295 692 quis
312 624 461 692 asperitate
480 640 513 675 ea
531 626 574 677 est
595 625 624 675 et
643 621 813 675 immanitate
831 627 946 677 naturae

94 718 253 770 congressus
277 704 309 755 ut
333 700 471 753 hominurn
495 699 584 766 fugiat
608 702 693 765 atque
716 698 813 762 oderit,
838 700 946 767 qualern

94 780 176 831 luisse
190 777 307 831 Athenis
321 777 458 830 Timonem
471 776 561 828 nescio
578 792 660 843 quem
677 774 836 841 accepimus,
854 780 945 828 maren

95 857 118 907 is
131 856 189 923 pati
202 872 254 909 uon
267 855 353 922 possit
366 857 396 906 ut
416 870 468 905 non
490 852 619 919 anquirat
633 851 752 919 aliquem
770 852 844 919 apud
865 868 946 920 quem

94 934 201 983 evomat
219 932 292 983 virus
311 929 467 983 acerbitatis
485 945 555 982 suae.
592 931 687 994 Atque
703 926 754 979 hoe
774 928 891 979 maxime
903 928 947 994 ju-

94 1007 239 1071 dicaretur,
263 1008 285 1059 si
305 1006 370 1073 quid
388 1006 442 1058 tale
458 1009 551 1072 posset
563 1006 720 1071 contingere
735 1007 768 1057 ut
785 1004 883 1072 aliquis
898 1020 947 1057 nos

96 1082 162 1135 deus
175 1100 209 1135 ex
221 1083 272 1135 bac
284 1082 423 1134 hominum
435 1082 590 1148 frequentia
602 1081 712 1135 tolleret
725 1085 754 1134 ot
762 1082 790 1133 iu
803 1080 948 1134 solitudine

96 1158 200 1225 uspiam
213 1158 362 1222 collocaret,
376 1161 459 1224 atque
472 1157 508 1209 ibi
526 1158 703 1226 suppeditans
719 1158 840 1209 omnium
856 1174 948 1210 rerum

98 1250 164 1301 quas
177 1237 275 1286 natura
288 1233 427 1286 desiderat
445 1233 640 1286 abundantiam
660 1237 690 1287 et
709 1234 813 1301 copiam
833 1234 949 1285 hominis

96 1310 204 1362 omniuo
217 1309 384 1377 adspiciendi
396 1304 560 1377 potestatem
575 1312 702 1379 eriperet.
739 1310 805 1373 Quis
812 1314 870 1362 tarn
877 1315 950 1362 esset

95 1386 201 1439 ferreus
214 1387 261 1454 qui
274 1402 334 1439 eam
348 1386 431 1439 vitain
444 1388 515 1441 ferre
531 1392 632 1457 posset,
645 1388 743 1456 cuique
760 1403 813 1439 nou
829 1387 950 1438 auferret

97 1462 218 1515 fructum
241 1462 412 1530 voluptatum
441 1464 560 1516 omnium
593 1464 732 1517 solitudol
777 1468 818 1517 88.
845 1461 950 1514 Verum

97 1554 163 1605 ergo
176 1536 245 1591 illud
256 1542 299 1591 est
312 1538 385 1606 quod
397 1556 413 1591 a
423 1540 570 1593 Tarentino
583 1540 713 1607 Archyta,
730 1543 762 1593 ut
778 1540 881 1607 opinor,
895 1536 950 1590 diei

99 1614 215 1679 solitum,
239 1618 347 1667 nostros
371 1631 450 1667 senes
474 1632 686 1669 commemorare
714 1614 806 1668 audivi
822 1614 866 1667 «ab
890 1614 950 1665 aliis

98 1689 208 1742 senibus
216 1689 354 1743 auditum:
369 1690 461 1757 siquis
474 1691 501 1743 in
515 1693 620 1745 eaelum
632 1691 800 1745 ascendisset
812 1696 951 1743 naturam-

97 1782 151 1833 que
175 1765 269 1818 muudi
301 1770 329 1819 et
350 1766 580 1834 pulchritudinem
605 1767 726 1821 siderum
757 1768 949 1835 perspexisset,

81 1842 238 1904 linsuavem
261 1842 335 1895 illam
364 1843 573 1897 admirationem
604 1844 629 1896 ei
659 1844 724 1906 fore,
758 1859 829 1911 quae
852 1843 947 1908 jucun·

81 1907 209 1983 ldissinra
221 1917 317 1971 luisset
333 1919 355 1972 si
374 1920 494 1988 {diquem
513 1920 555 1973 cui
575 1923 702 1973 narraret
722 1919 869 1971 habuisset.
905 1918 951 1970 Sic

97 1998 196 2047 natura
219 1994 368 2047 solitarium
392 1996 458 2048 nihil
482 2000 565 2062 armat,
590 2012 751 2063 semperque
775 1994 811 2047 ad
839 1994 951 2062 aliquod

46 2110 51 2122 .
98 2074 238 2139 tamquam
262 2070 453 2125 adminiculum
477 2072 618 2138 annititur,
639 2071 713 2140 quod
736 2072 765 2123 in
789 2070 951 2124 anricissiuro

61 2142 79 2221 ζ
99 2164 208 2215 qnoque
221 2146 404 2200 dulcissimum
416 2152 466 2202 est.
490 2180 495 2189 ·

81 2226 86 2235 ’
151 2222 256 2276 XXIV.
275 2223 330 2277 Sed
349 2241 431 2291 quum
447 2229 489 2278 tot
502 2225 585 2291 signis
601 2224 698 2277 eadem
715 2228 813 2277 natura
829 2224 951 2278 declaret

99 2300 167 2368 quid
191 2300 263 2360 velit,
286 2301 420 2367 anquirat,
445 2301 591 2365 desideret,
615 2300 835 2353 obsurdescimus
857 2305 950 2353 tamen

99 2376 188 2429 neseio
202 2375 344 2443 quomodo,
357 2393 407 2429 uec
420 2393 452 2429 ea
465 2394 535 2444 quae
553 2376 588 2429 ab
604 2393 638 2430 ea
655 2392 798 2429 monemur
817 2377 950 2429 audimus.

53 2446 55 2451 ’
102 2452 149 2503 Est
163 2451 235 2503 enim
249 2451 338 2503 varius
355 2455 384 2504 et
400 2452 543 2519 multiplex
560 2468 625 2505 usus
641 2452 782 2517 amicitiae,
794 2453 951 2520 multaeque

98 2542 196 2581 causae
216 2527 399 2594 suspicionum
418 2528 651 2595 offensionumque
671 2528 781 2595 dantur,
803 2546 872 2595 quas
890 2534 949 2581 tum

98 2604 202 2657 evitare
215 2606 273 2656 turn
294 2603 401 2657 elevare
421 2608 479 2657 tum
498 2605 571 2658 ferre
589 2605 719 2673 sapientis
737 2609 787 2658 est.
826 2605 886 2657 Una
905 2605 951 2657 illa

66 2729 69 2734 .
98 2678 266 2732 sublevanda
278 2680 388 2733 offensio
402 2684 451 2746 est,
465 2684 537 2733 utet
550 2680 655 2733 utilitas
666 2682 694 2733 iu
704 2680 824 2734 amicitia
836 2684 865 2733 et
882 2680 951 2733 fides

100 2756 267 2819 retineatur;
285 2772 347 2808 nam
364 2761 392 2809 et
409 2757 534 2809 monendi
549 2758 627 2809 amici
645 2774 725 2825 saepe
737 2761 802 2810 sunt
815 2760 844 2809 et
860 2757 951 2823 objur-

99 2832 199 2897 gandi3
218 2834 247 2884 et
268 2832 335 2883 haec
351 2832 507 2900 accipienda
523 2834 609 2885 amice
626 2850 712 2899 quum
726 2832 857 2885 benevole
874 2832 952 2886 fiunt.

101 2912 141 2959 89.
161 2906 216 2958 Sed
240 2908 331 2960 nescio
356 2908 490 2973 quomodo
511 2924 605 2960 verum
629 2912 672 2960 est
696 2908 770 2974 quod
791 2908 819 2959 in
843 2908 952 2962 Andria

101 2982 240 3034 familiaris
252 2998 328 3035 meus
341 2982 423 3036 dicit:

202 3066 207 3110 1
252 3059 404 3121 Obsequium
416 3059 514 3117 aulicos,
529 3065 620 3107 ver-itas
631 3060 714 3107 odium
726 3060 801 3122 parit,

103 3135 219 3193 Molesta
231 3140 339 3202 veritas,
352 3140 374 3193 si
387 3139 498 3207 quidem
515 3155 550 3193 ex
569 3155 602 3193 ea
618 3140 739 3193 nascitur
758 3140 858 3203 odium,
877 3138 952 3206 quod
