2242 3542
84 103 88 108 ¹
145 113 178 161 86
455 113 503 164 DE
520 113 676 164 OFFICIIS

146 201 190 252 ¹73.
204 199 280 265 Quae
296 199 420 251 faciliora
435 206 500 251 sunt
515 200 701 269 philosophis,
713 215 772 266 quo
789 198 883 252 minus
900 201 1002 254 multa

146 285 243 348 patent
255 279 285 330 iu
298 295 393 332 eorum
406 279 465 332 rita
478 297 549 349 quae
564 280 676 332 fortuna
690 279 772 331 feriat
783 286 813 332 et
825 297 882 348 quo
897 282 1002 333 minus

112 351 121 367 '
147 359 244 411 multis
256 361 338 412 rebus
348 365 432 429 egent
442 367 470 413 et
480 361 554 428 quia,
565 361 668 428 siquid
680 360 790 412 adversi
803 361 922 429 eveniat,
931 366 1003 414 tam

146 441 269 510 graviter
282 441 380 493 cadere
394 458 450 493 non
463 446 586 510 possunt.
616 441 753 507 Quocirca
766 457 823 492 nou
835 441 894 494 sine
907 458 1002 495 causa

147 521 264 574 maiores
283 527 376 574 motus
393 523 549 574 animorum
568 523 747 575 concitantur
764 522 908 590 maiorque
924 539 1001 576 cura

147 601 361 674 efficiendivrem
377 603 517 672 publicam
533 603 699 670 gerentibus
712 619 797 669 quam
813 602 923 670 quietis,
934 619 1001 671 quo

148 683 237 753 magis
253 684 287 735 iis
303 691 331 735 ot
343 684 512 752 magnitudo
527 689 570 736 est
582 684 669 735 animi
682 683 845 736 adhibenda
857 689 885 735 et
897 685 999 736 vacui-

148 772 192 816 tas
201 765 236 816 ab
246 765 405 833 angoribus,
433 764 480 815 Ad
491 780 548 815 rem
558 766 710 833 gerendam
720 772 812 816 autem
821 764 871 832 qui
881 766 999 818 accedit

149 851 247 898 caveat
261 862 295 897 ne
314 845 344 896 id
360 845 445 896 inodo
465 845 622 896 consideret
642 861 725 912 quam
743 845 794 897 illa
813 861 856 897 res
874 846 1001 897 honesta

149 928 193 991 sit,
207 927 255 979 sed
271 926 354 978 etiam
371 932 402 978 ut
415 926 518 978 habeat
533 925 675 978 efficiendi
690 925 870 978 facultatem:
888 925 918 976 in
934 941 1000 992 quo

149 1007 211 1076 ipso
226 1007 461 1058 considerandum
477 1012 518 1058 est
533 1023 569 1058 ne
583 1013 631 1058 aut
644 1011 747 1058 temere
763 1007 893 1075 desperet
908 1022 999 1073 prop-

150 1094 191 1138 ter
206 1087 347 1154 ignaviam
363 1091 412 1138 aut
426 1086 511 1137 nimis
526 1087 651 1139 confidat
665 1094 781 1155 propter
795 1087 997 1156 cupiditatem.

150 1167 183 1218 In
196 1167 327 1218 omuibus
339 1176 432 1218 autern
445 1167 567 1235 negotiis
581 1167 658 1236 prius
670 1183 755 1234 quam
768 1167 933 1236 adgrediare
944 1166 997 1218 ad-

151 1247 274 1299 hibenda
287 1251 328 1300 est
340 1248 517 1316 praeparatio
530 1247 659 1317 diligens.

185 1329 277 1381 XXII.
309 1330 350 1380 74.
372 1328 426 1380 Sed
442 1343 504 1379 eum
522 1328 649 1396 plerique
667 1327 839 1380 arbitrentur
853 1343 897 1379 res
912 1327 995 1378 belli·

151 1425 197 1460 cas
217 1409 334 1461 maiores
356 1425 414 1461 esse
437 1425 521 1476 quam
543 1409 670 1476 urbanas,
690 1408 842 1461 minuenda
863 1412 905 1460 est
923 1408 996 1458 baec

151 1490 255 1558 opinio.
292 1489 377 1542 Multi
392 1490 466 1541 enim
480 1489 552 1540 bella
568 1505 651 1558 saepe
666 1489 863 1556 quaesiverunt
877 1492 996 1556 propter

151 1571 256 1638 gloriae
271 1570 464 1638 cupiditatem,
479 1574 563 1636 atquc
579 1569 609 1620 id
624 1569 654 1620 in
673 1569 783 1638 magnis
801 1568 901 1620 animis
915 1567 996 1636 iuge:

151 1649 261 1717 niisque
276 1651 440 1716 plerumque
459 1648 600 1717 contingit
615 1665 703 1716 eoque
722 1649 821 1718 magis,
835 1647 858 1699 si
873 1647 993 1699 suntad

153 1747 208 1780 rem
228 1729 376 1780 militarem
395 1728 455 1796 apti
473 1733 501 1780 et
520 1729 617 1797 cupidi
637 1731 774 1782 bellorum
796 1728 994 1798 gerendorum.

153 1810 223 1862 Vero
243 1814 334 1860 autem
355 1807 379 1859 si
398 1809 525 1860 volumus
544 1809 678 1877 iudicare,
694 1811 799 1862 multae
820 1825 863 1861 res
880 1808 993 1860 exstite-

153 1894 217 1940 ιιιιιι
232 1889 354 1941 urbanae
367 1888 485 1941 maiores
498 1889 683 1958 clarioresque
697 1906 781 1958 quam
794 1889 918 1942 bellicae
949 1890 992 1940 75.

138 1969 287 2063 Quamvis
306 1969 380 2022 enim
395 1969 622 2021 Themistocles
614 1987 673 2022 1ure
688 1971 819 2022 Laudetur
837 1974 865 2021 et
880 1969 917 2020 sit
934 1968 994 2020 eius

138 2007 254 2143 ¹§nornen
270 2067 353 2118 quam
368 2049 477 2102 Solonis
489 2050 626 2101 illustrius
637 2051 795 2118 citcturque
808 2049 924 2102 Salamis
938 2051 992 2100 cla-

141 2131 275 2197 {tissimae
288 2131 351 2183 test'
331 2137 367 2183 trs
379 2129 521 2196 victoriae,
532 2146 603 2221 quae
617 2136 803 2199 anteponatur
815 2129 932 2182 consilio
945 2130 993 2182 So·

143 2203 259 2264 3.'lonis
235 2230 269 2280 er,
280 2228 336 2280 quo
345 2211 467 2280 primum
477 2217 580 2263 constit
546 2211 624 2262 tituit
634 2211 826 2280 Areopagitas
835 2227 892 2262 non
901 2209 992 2261 minus

62 2309 118 2318 m
132 2284 325 2382 {praeclarum
346 2292 402 2342 hoc
423 2307 507 2357 quam
529 2291 601 2343 illud
623 2291 807 2343 iudicandum
831 2295 883 2343 est.
917 2290 991 2342 Illud

142 2355 227 2423 enim
241 2372 325 2423 semel
340 2369 453 2440 profuit
434 2371 519 2422 thoc
535 2387 644 2440 semper
654 2372 782 2440 proderit-
794 2371 923 2425 civitati:
939 2371 992 2422 hoc

143 2451 271 2505 consilio
280 2453 355 2519 leores
362 2451 584 2519 Atheniensium
593 2454 647 2504 hoe
657 2453 793 2504 maiorum
802 2452 932 2504 instituta
940 2467 991 2502 ser

143 2517 179 2584 'v
174 2535 261 2584 ·,ιιιιιιι
299 2532 336 2582 Ει
349 2530 549 2583 Themistocles
563 2533 678 2599 quidem
691 2533 761 2586 nihil
774 2532 904 2599 dixerit'
896 2549 924 2584 ιιι
938 2547 990 2598 quo

143 2604 214 2680 ipse
227 2613 406 2680 Areopagum
421 2611 576 2665 adiuverit:
595 2614 684 2665 atille
697 2631 761 2666 vere
776 2614 812 2666 ab
825 2629 854 2664 se
867 2613 990 2665 adiutum

155 2692 379 2744 Themistoclem.
416 2693 467 2744 Est
483 2694 556 2745 enirn
573 2694 678 2746 bellum
693 2699 804 2764 gestum
820 2694 937 2746 consilio
954 2709 989 2745 se

147 2783 238 2832 inatus
259 2772 324 2837 eius,
341 2772 389 2840 qui
409 2789 424 2824 a
445 2774 545 2826 Solone
568 2780 627 2827 erat
645 2775 822 2828 constitutus.
860 2777 901 2828 76,
917 2774 990 2827 Licet

155 2853 252 2906 eadem
263 2854 298 2906 de
309 2853 446 2905 Pausania
456 2855 658 2922 Lysandroque
670 2856 771 2924 dicere,
782 2872 902 2923 quorum
915 2855 990 2907 rebus

155 2934 241 3004 gestis
256 2949 425 3001 quamquam
441 2933 590 3003 imperium
605 2936 833 2988 Lacedaemoniis
849 2974 855 2983 .
872 2975 879 2988 .
896 2977 901 2989 .
917 2940 990 3004 puta·

156 3022 208 3082 tur,
222 3021 316 3066 tamen
332 3030 367 3065 ne
384 3013 500 3065 minima
516 3015 631 3081 quidem
647 3033 681 3068 ex
696 3020 777 3084 parte
792 3017 914 3083 Lycurgi
929 3015 991 3083 legi-

156 3094 207 3147 bus
218 3102 246 3146 et
256 3092 420 3163 disciplinae
434 3092 596 3146 conferendi
609 3104 681 3148 sunt.
714 3095 788 3161 Quin
801 3095 886 3146 etiarn
900 3096 936 3146 ob
945 3096 991 3147 bas
