2242 3542
137 143 183 200 128
448 148 499 199 DE
515 148 670 201 omens

134 234 304 303 hominibus,
323 233 355 287 id
379 235 429 303 est,
447 232 531 287 bonis
551 232 620 286 viris
644 232 685 286 ita
705 231 777 286 fides
800 231 928 303 habetur,
948 238 980 288 ut

133 318 211 369 nulla
229 314 313 368 sitin
330 315 367 367 iis
384 314 492 368 fraudis
509 313 684 382 iniuriaeque
706 312 836 383 suspicio.
881 314 980 382 Itaque

134 396 179 448 bis
198 396 317 449 salutem
336 399 469 462 nostram,
484 394 530 447 his
548 394 683 461 fortunas,
698 394 743 446 his
764 394 867 447 liberos
885 396 980 448 rectis

133 477 203 529 sime
217 476 356 529 committi
369 476 541 529 arbitramur.
580 476 621 528 34.
641 475 749 526 Harum
761 474 850 544 igitur
862 476 980 529 duarum

133 557 170 611 ad
180 557 264 610 fidem
277 556 435 610 faciendam
447 555 555 609 iustitia
567 556 632 625 plus
644 556 741 625 pollet,
751 555 857 625 quippe
871 572 934 609 cum
947 572 981 609 ea

132 637 194 691 sine
205 637 357 707 prudentia
369 637 436 690 satis
448 637 551 689 habeat
564 636 747 705 auctoritatis,
757 630 908 705 prudentia
921 636 979 689 sine

133 718 242 771 iustitia
260 718 333 770 nihil
350 718 442 770 valeat
460 717 497 769 ad
515 716 675 769 faciendam
693 716 786 771 fidem.
824 717 886 783 Quo
904 718 979 769 enim

134 799 197 867 quis
215 798 352 851 versutior
369 802 398 851 et
416 796 553 864 callidior,
571 798 625 849 hoc
642 796 760 851 invisior
779 802 807 849 et
825 797 981 866 suspectior

133 880 260 933 detracta
279 878 411 949 opinione
429 878 588 948 probitatis.
627 878 718 943 Quam
738 879 774 931 ob
795 894 853 930 rem
871 878 980 931 intelle-

133 960 244 1028 gentiae
262 959 371 1012 iustitia
389 959 538 1012 coniuncta
559 964 696 1027 quantum
714 959 790 1012 volet
808 958 925 1011 habebit
942 959 980 1011 ad

131 1040 291 1093 faciendam
306 1040 390 1093 fidem
405 1040 522 1094 virium:
540 1031 650 1092 iustitia
667 1039 727 1093 sine
742 1039 894 1109 prudentia
910 1040 980 1091 mul-

131 1121 317 1189 impulerit,
330 1121 389 1173 sine
402 1120 510 1173 iustitia
522 1120 595 1173 nihil
608 1120 713 1173 valebit
725 1118 883 1189 prudentia.

168 1201 204 1254 X
242 1203 284 1253 35.
305 1201 369 1267 Sed,
384 1217 420 1253 ne
439 1200 503 1270 quis
521 1200 558 1253 sit
578 1200 732 1253 admiratus
751 1215 809 1265 0111,
824 1215 888 1252 cum
906 1199 980 1252 inter

131 1296 229 1333 omnes
242 1281 428 1350 philosophos
443 1286 552 1334 00111101
565 1298 582 1333 a
593 1298 693 1350 meque
709 1280 770 1349 ipso
785 1296 868 1349 saepe
884 1280 979 1349 dispu-

113 1364 224 1414 ¹tatum
243 1362 281 1415 sit
301 1361 349 1430 qui
370 1378 455 1414 unam
475 1362 593 1414 haberet
614 1377 710 1413 omnes
729 1360 832 1413 habere
851 1360 978 1427 virtutes,

132 1458 207 1495 nunc
229 1442 270 1495 ita
292 1442 447 1513 seiungam,
464 1442 545 1511 quasi
565 1442 653 1511 possit
675 1442 832 1510 quisquam,
850 1442 900 1510 qui
921 1457 980 1493 non

130 1524 208 1576 idem
223 1526 348 1593 prudens
362 1524 407 1591 sit,
420 1524 511 1577 iustus
526 1540 592 1592 esse,
606 1523 660 1575 alia
675 1528 718 1575 est
730 1523 786 1589 illa,
800 1538 863 1575 cum
876 1522 979 1575 veritas

131 1603 193 1672 ipsa
213 1605 327 1656 limatur
346 1604 376 1655 in
397 1604 597 1673 disputatione,
612 1603 761 1670 subtilitas,
778 1603 841 1670 alia,
857 1618 920 1655 oum
940 1603 979 1658 ad

131 1683 295 1752 opinionem
316 1699 493 1736 communem
514 1684 606 1735 omnis
630 1684 859 1735 accommodatur
880 1682 977 1737 oratio.

131 1765 222 1829 Quam
240 1763 278 1815 ob
296 1780 362 1831 rem,
375 1768 408 1816 ut
422 1765 533 1833 vulgus,
546 1763 587 1815 ita
605 1780 655 1816 nos
674 1764 728 1815 hoc
747 1765 810 1816 1000
829 1764 977 1832 loquimur,

131 1850 165 1897 ut
180 1845 250 1897 alios
263 1844 358 1912 fortes,
372 1844 443 1897 alios
456 1844 533 1898 viros
551 1846 647 1911 bonos,
661 1844 729 1897 alios
747 1846 901 1914 prudentes
919 1861 978 1897 esse

131 1925 264 1979 dicamus.
301 1925 490 1994 Popularibus
512 1925 588 1978 enim
607 1924 700 1977 verbis
722 1930 764 1978 est
787 1926 928 1995 agendum
949 1938 979 1978 01

130 2006 251 2075 usitatis,
270 2022 335 2058 cum
355 2007 504 2075 loquamur
525 2006 561 2058 de
583 2004 715 2075 opinione
734 2004 873 2075 populari,
891 2006 978 2073 idque

129 2088 232 2139 eodem
246 2088 334 2140 modo
347 2086 416 2139 fecit
428 2086 589 2140 Panaetius.
627 2086 684 2139 Sed
699 2086 736 2139 ad
748 2086 924 2155 propositum
938 2102 979 2139 re-

130 2173 280 2228 vertamur.
319 2170 360 2220 36.
379 2168 449 2219 Erat
460 2167 550 2236 igitur
565 2166 711 2233 extribus,
725 2182 795 2234 quae
808 2166 846 2219 ad
858 2165 979 2235 gloriam

129 2247 280 2315 pertinent,
294 2248 349 2299 1100
363 2248 486 2314 tertium,
500 2252 533 2299 ut
547 2263 612 2299 cum
629 2246 814 2299 admiratione
832 2244 979 2298 hominum

130 2328 235 2380 honore
254 2328 290 2379 ab
308 2327 344 2379 iis
362 2327 444 2395 digni
458 2327 654 2381 iudicaremur.
691 2327 876 2380 Admirantur
890 2326 979 2396 igitur

129 2407 316 2460 communiter
328 2407 372 2459 illi
385 2407 500 2475 quidem
514 2408 617 2475 omnia,
628 2424 700 2476 quae
712 2424 815 2477 magna
827 2412 856 2460 01
867 2412 979 2476 praeter

128 2488 292 2556 opinionem
308 2503 387 2540 suam
398 2488 665 2556 animadverterunt,
679 2488 827 2557 separatim
840 2493 934 2541 autem
946 2486 978 2539 in

127 2568 256 2637 singulis,
277 2568 302 2620 11
323 2568 497 2638 perspiciunt
518 2584 571 2620 nec
595 2568 710 2637 opinata
734 2568 872 2637 quaedam
894 2569 976 2621 bona.

129 2648 227 2715 Itaque
245 2664 293 2700 eos
311 2648 386 2701 viros
403 2648 560 2717 suspiciunt
578 2648 764 2717 maximisque
783 2648 901 2701 efferunt
919 2650 978 2701 lau-

128 2727 223 2795 dibus,
236 2728 267 2779 in
280 2728 384 2796 quibus
396 2729 559 2782 existimant
572 2746 601 2781 10
616 2731 785 2782 excellentes
800 2730 936 2798 quasdam
949 2734 977 2781 et

128 2807 285 2875 singulares
297 2809 452 2878 perspicere
464 2809 591 2877 virtutes,
605 2808 765 2879 despiciunt
779 2816 873 2862 autem
887 2826 934 2863 eos
949 2814 977 2862 et

128 2893 321 2957 contemnunt,
332 2889 362 2940 in
374 2890 478 2957 quibua
489 2890 562 2942 nihil
576 2890 697 2958 virtutis
711 2889 783 2941 nihil
796 2889 892 2957 animi,
904 2889 976 2941 nibil

129 2984 279 3021 nervorum
293 2975 402 3042 putant.
440 2972 505 3022 Non
520 2971 596 3023 enim
612 2986 707 3022 omnes
722 2986 770 3023 eos
784 2974 977 3038 contemnunt,

129 3048 165 3098 de
179 3049 281 3116 quibus
293 3050 366 3101 male
379 3049 550 3104 existimant.
587 3051 660 3102 Nam
673 3066 743 3117 quos
756 3050 906 3120 improbos,
920 3066 977 3103 ma·

129 3127 243 3194 ledicos‚
256 3128 451 3181 fraudulentos
463 3134 566 3198 putant
579 3134 607 3183 01
622 3131 658 3182 1111
671 3129 830 3183 faciendam
844 3129 977 3182 iniuriam
