2242 3542
132 167 181 215 rte
249 200 253 205 ⁵
442 165 491 215 DE
508 166 661 217 OFFICIIS

130 267 197 319 opes
217 253 388 319 expetuntur
407 266 521 319 quoquo
543 252 638 319 modo,
657 267 714 303 non
734 254 868 321 poterunt
889 250 973 307 utiles

129 348 187 385 esse
206 347 270 383 eum
288 330 410 384 iufamia.
448 332 514 384 Non
532 331 622 401 igitur
639 331 717 384 utilis
735 332 784 385 illa
801 334 831 387 L.
845 333 974 403 Philippi

130 412 163 478 Q.
170 413 201 465 F.
211 412 364 465 sententia:
380 428 449 480 quas
462 412 590 465 civitates
599 413 629 465 L.
639 414 715 465 Sulla
725 414 845 482 pecunia
857 421 974 485 aceepta

129 510 164 545 ex
177 500 288 546 senatus
303 495 432 545 consulto
445 492 626 561 liberavisset,
637 498 668 546 ut
681 510 728 545 eae
743 510 838 546 rursus
850 495 974 564 vectiga-

129 576 169 626 les
187 579 279 627 essent
293 590 382 643 neque
397 574 433 626 iis
446 574 603 643 pecuniam,
618 588 701 641 quarn
715 588 768 643 pro
777 575 912 628 libertate
925 577 974 629 de·

129 656 236 722 derant,
247 655 434 708 redderemus.
470 654 506 706 Ei
518 658 632 706 senatus
646 659 689 707 est
702 655 842 709 adsensus.
863 717 865 721 ¹
880 657 973 725 lui-pe
997 676 998 697 ι

128 735 262 805 imperio!
283 735 455 788 ’Piratarum
470 734 544 787 enirn
559 734 658 787 melior
669 731 740 787 fides
753 750 837 803 quam
852 743 972 789 senatus.

129 819 193 869 “At
211 821 294 869 aneta
308 816 465 885 vectigalia,
479 816 549 868 utile
567 816 681 884 igitur.”
718 816 867 885 Quousque
890 818 973 870 aude-

128 898 200 951 bunt
210 898 303 951 dicere
313 897 468 966 quidquam
480 896 550 949 utile
563 897 642 964 quod
654 912 710 949 non
723 898 892 951 lronestuml
929 900 971 951 88.
999 944 1001 969 3

128 980 226 1031 Potest
244 983 338 1031 autem
355 978 408 1029 ulli
426 977 553 1045 imperio,
568 978 645 1045 quod
661 978 751 1046 gloria
770 978 856 1031 debet
869 976 973 1031 fultum
997 970 1001 1049 f

128 1076 186 1112 esse
201 1065 229 1111 et
244 1057 440 1111 benevolentia
454 1058 600 1125 sociorum,
614 1058 683 1111 utile
699 1075 758 1111 esse
773 1059 870 1111 odium
889 1063 916 1111 et
931 1058 973 1110 in·

126 1140 231 1193 famial
267 1141 330 1207 Ego
348 1139 433 1192 etiam
453 1154 516 1191 cum
536 1140 642 1192 Catone
662 1154 724 1193 meo
745 1154 829 1213 saepe¹
846 1138 972 1195 dissensi.

127 1220 220 1273 Nimis
238 1220 308 1271 milri
322 1220 477 1288 praefracte
492 1220 643 1273 videbatur
659 1222 795 1273 aerarium
809 1220 973 1289 vectigalia

128 1317 182 1371 que
198 1301 356 1368 defendere,
369 1300 462 1353 omnia
477 1302 636 1370 publicanis
651 1318 759 1371 negare,
772 1303 861 1355 multa
879 1302 971 1369 sociis,

127 1399 191 1435 eum
204 1384 235 1435 in
245 1384 296 1434 lros
306 1382 424 1435 benefici
437 1399 495 1435 esse
506 1383 677 1451 deberemus,
687 1400 749 1435 oum
759 1383 816 1437 illis
829 1384 869 1436 sie
882 1398 971 1453 agere,

127 1469 160 1517 nt
174 1481 238 1516 cum
256 1465 365 1516 colonis
383 1464 485 1516 nostris
504 1466 661 1533 soleremus,
676 1480 763 1533 eoque
782 1464 879 1533 magis,
893 1464 972 1531 quod

126 1546 176 1597 illa
195 1545 324 1596 ordinum
343 1544 504 1597 coniunctio
523 1545 691 1597 adsalutem
711 1545 751 1597 rei
767 1544 896 1614 publicae
911 1561 973 1614 per·

126 1625 243 1678 tinebat.
281 1625 354 1676 Male
373 1625 458 1676 etiam
477 1625 570 1693 Curio,
586 1640 649 1677 oum
670 1640 781 1678 eausam
796 1625 973 1695 Transpada

126 1721 228 1757 norum
246 1720 363 1772 aequam
384 1721 442 1757 esse
460 1706 581 1773 dicebat,
595 1722 702 1775 semper
721 1712 814 1759 autem
832 1706 971 1760 addebat:

129 1790 144 1815 “
154 1785 256 1839 Vincat
274 1784 382 1837 utilitas
391 1786 415 1837 l·”
452 1785 553 1838 Potius
572 1786 677 1839 diceret
692 1802 750 1837 non
769 1802 826 1839 esse
846 1800 971 1854 aequam,

128 1868 195 1934 quia
209 1883 267 1918 non
281 1871 355 1918 esset
369 1865 448 1918 utilis
463 1866 502 1919 rei
517 1868 655 1936 publicae,
670 1884 754 1935 quam
769 1884 832 1920 eum
848 1856 902 1919 non
917 1866 972 1919 uti·-

28 2014 31 2018 ,
129 1950 182 1999 lem
196 1948 302 2001 diceret
313 1963 380 2016 esse,
390 1964 509 2016 aequam
521 1948 661 2002 fateretur.

163 2030 269 2083 XXIII.
307 2032 349 2083 89.
365 2030 469 2081 Plenus
481 2034 523 2081 est
535 2034 629 2082 sextus
641 2030 712 2082 liber
724 2030 760 2083 de
772 2028 870 2083 officiis
883 2030 971 2082 Heca-

127 2111 203 2163 tonis
217 2111 317 2163 talium
332 2110 543 2177 quaestionum:
564 2112 667 2163 “Sitne
682 2111 750 2183 boni
764 2112 817 2163 viri
835 2111 865 2162 in
884 2110 971 2163 maxi·

128 2208 174 2245 rua
186 2191 302 2244 caritate
315 2205 442 2243 annonae
453 2190 589 2243 familiam
605 2208 661 2243 non
677 2193 750 2244 alere
758 2193 786 2245 2³⁷
822 2193 855 2244 In
869 2196 971 2243 utram-

128 2288 182 2339 que
195 2277 303 2341 partem
316 2272 449 2340 disputat,
459 2272 508 2323 sed
518 2275 612 2324 tamen
625 2274 662 2325 ad
673 2277 827 2325 extremum
839 2272 971 2339 utilitate,

128 2357 160 2403 ut
184 2358 273 2421 putat,
295 2352 417 2404 officium
442 2352 542 2422 dirigit
567 2354 657 2422 magis
682 2370 765 2421 quam
789 2353 969 2409 humanitate.

128 2432 251 2499 Quaerit,
266 2432 314 2484 “si
332 2432 362 2483 in
382 2433 450 2485 mari
467 2433 575 2485 iactura
589 2433 719 2486 facienda
736 2434 779 2501 sit,
793 2433 894 2501 equine
911 2450 971 2502 pre-

128 2515 196 2566 eiosi
216 2513 312 2583 potins
334 2513 471 2567 iacturam
491 2514 579 2567 faciat
600 2532 635 2567 an
655 2515 757 2568 servuli
777 2516 843 2567 vilis
851 2517 878 2568 1”
915 2515 971 2567 Hie

128 2596 184 2647 alio
196 2612 239 2647 res
251 2593 403 2661 familiaris,
414 2595 471 2647 alio
483 2595 564 2647 ducit
577 2596 741 2649 humanitas.
777 2599 792 2624 “
802 2596 831 2649 si
844 2596 970 2649 tabulam

129 2679 164 2728 ‹le
189 2676 335 2745 naufragio
359 2678 463 2729 stultus
487 2676 650 2745 adripuerit,
672 2677 885 2744 extorquebitne
910 2693 971 2730 eam

127 2757 246 2825 sapiens,
265 2757 290 2808 si
313 2757 474 2825 potueritl’'
511 2758 613 2826 Negat,
634 2757 724 2825 “quia
751 2758 788 2809 sit
811 2756 970 2811 iniurium.”

128 2837 247 2901 “Quidl
267 2837 398 2889 donninus
416 2836 496 2889 navis
515 2838 650 2905 eripietne
669 2838 784 2890 suuml’'
820 2839 836 2867 “
845 2837 970 2908 Minime,

127 2930 184 2966 non
196 2917 261 2984 plus
273 2932 356 2983 quam
372 2916 551 2985 navigantem
567 2916 596 2968 in
611 2918 668 2968 alto
684 2916 780 2969 eiicere
794 2918 829 2969 de
846 2918 912 2970 navi
925 2935 971 2971 ve-

128 2993 169 3060 lit,
182 2995 248 3061 quia
264 3011 314 3048 sna
332 2994 375 3049 sit.
414 2996 513 3061 Quoad
531 2996 604 3047 enim
623 3001 786 3063 perventum
806 2996 843 3049 sit
857 3014 898 3065 ee,
912 3014 970 3065 quo

127 3079 239 3142 sumpta
257 3075 336 3128 navis
351 3081 400 3140 est,
414 3092 470 3127 non
486 3076 594 3127 domini
613 3080 655 3127 est
670 3077 756 3143 navis,
770 3077 819 3129 sed
834 3079 968 3147 navigan·

127 3152 224 3206 tium”
262 3158 304 3209 90.
321 3156 439 3222 “Quidl
464 3156 487 3207 si
509 3172 565 3209 una
585 3156 681 3209 tabula
702 3158 746 3221 sit,
762 3158 819 3211 duo
838 3160 968 3231 naufragi
