2242 3542
116 2 129 80 j
158 16 171 37 “
196 12 422 90 ΜΝ
440 2 639 111 &siff-usu.

131 156 161 200 ‘28
236 152 272 199 M.
290 151 416 201 TULLII
434 152 625 200 CICERONIS
642 150 732 201 CATO
750 155 880 203 MAJOR.
910 112 913 118 Ι

131 233 268 303 fecerunt:
286 250 376 301 neque
393 250 438 286 mo
456 233 555 286 vixisse
574 233 704 301 poenitet,
722 238 849 306 quoniam
866 238 907 292 ita
925 239 979 292 vixi

56 350 69 406 J
131 312 163 362 ut
181 326 233 362 non
245 310 403 363 frustrante
416 314 508 363 natum
521 309 690 374 existimem3
709 322 738 364 et
752 329 786 364 ex
803 313 859 366 vita
874 313 915 367 ita
927 316 979 373 dis-

104 348 197 438 qcedo
221 388 360 454 tamquam
385 403 419 439 ex
442 385 568 453 hospitio,
589 402 642 437 non
667 391 806 455 tamquam
830 406 864 443 ex
889 390 978 444 domo.

132 462 322 515 Commorandi
338 463 411 515 enirn
423 466 521 515 natura
533 462 722 515 deversorium
740 464 825 531 nobis,
838 482 891 518 non
904 465 979 519 habi-

130 537 207 589 tandi
229 538 314 592 dedit.
351 545 391 593 85.
417 539 440 591 Ο
461 539 632 606 praeclarum
653 538 726 592 diem
747 558 831 608 quum
851 541 886 594 ad
910 542 979 595 iliud

130 614 251 667 divinum
277 616 428 669 animorum
457 615 599 668 concilium
630 620 792 684 coetumque
817 618 980 684 proficiscar,

129 708 267 759 quumque
284 708 318 743 ex
330 691 380 744 hac
396 690 478 744 turba
495 695 524 744 ct
542 691 691 745 colluvione
703 692 856 747 discedam!
894 694 980 747 Profi-

128 767 214 820 ciscar
226 768 299 821 enim
310 784 364 821 non
377 768 413 821 ad
425 784 471 820 eos
486 768 572 820 solum
589 768 660 820 viros
677 767 713 820 de
725 769 825 835 quibus
836 773 901 823 ante
913 770 979 833 dixi,

128 860 222 897 vorum
241 845 324 898 etiam
343 843 379 896 ad
397 844 528 897 Catonem
540 860 639 910 meum,
652 860 706 911 quo
724 861 803 898 nemo
823 846 866 899 vir
882 846 979 899 melior

128 925 209 974 natus
221 924 271 987 est,
288 937 367 974 nemo
379 922 483 989 pietate
494 920 685 988 praestantior,
702 920 780 987 cujus
792 937 808 973 a
819 939 864 974 rue
880 938 977 990 corpus

127 1002 278 1051 crematum
295 1001 345 1064 est,
363 998 437 1066 quod
454 1001 548 1050 eontra
567 995 660 1049 decuit
677 997 712 1049 ab
732 997 778 1050 illo
797 1014 903 1063 meum;
920 1000 978 1051 ani-

128 1090 188 1127 mus
207 1090 271 1127 vero
287 1091 340 1125 non
360 1090 404 1126 me
420 1073 556 1140 descrens,
577 1073 626 1125 sed
642 1077 806 1141 respectans,
823 1074 850 1126 in
867 1091 900 1127 ea
915 1090 977 1142 pro

110 1148 198 1218 {fecto
210 1149 269 1202 loca
287 1149 412 1202 discessit
430 1166 483 1217 quo
502 1149 569 1201 mihi
586 1149 639 1217 ipsi
656 1150 785 1203 cernebat
797 1167 857 1203 esse
869 1150 976 1203 venien-

127 1225 200 1279 dum.
238 1225 324 1289 Quem
338 1242 387 1293 ego
400 1242 489 1277 meum
503 1242 596 1277 casum
611 1225 722 1279 fortiter
737 1225 810 1279 ferro
823 1226 896 1279 visus
909 1244 976 1295 sum,

127 1317 181 1353 non
200 1318 254 1369 quo
276 1317 363 1370 aequo
384 1302 473 1355 ariimo
488 1301 597 1367 ferrem,
616 1301 665 1355 sed
681 1319 725 1355 mo
743 1302 802 1371 ipse
818 1303 977 1356 consolabar

128 1378 286 1431 existimans
298 1395 350 1430 non
362 1378 538 1447 longinquum
551 1378 686 1432 internos
701 1379 853 1446 digressum
872 1384 902 1432 et
921 1381 976 1434 dis-

114 1438 233 1509 iecssum
254 1456 319 1508 fore.
355 1460 396 1508 86.
421 1455 473 1506 His
492 1454 556 1508 mihi
578 1456 668 1520 rebus,
691 1455 789 1523 Scipio,
808 1456 838 1507 id
858 1456 929 1507 enim
946 1460 976 1509 to

127 1547 188 1583 eum
211 1530 302 1583 Laelio
321 1530 451 1583 admirari
470 1530 557 1584 solere
576 1531 678 1595 dixisti,
696 1530 763 1582 levis
781 1535 824 1583 est
842 1534 975 1598 senectus,

110 1622 177 1679 ,nec
191 1606 277 1659 solum
293 1624 346 1659 non
358 1606 473 1658 molesta
485 1605 535 1657 sod
547 1606 629 1659 etiam
645 1605 774 1673 jucunda.
810 1606 889 1670 Quod
908 1607 930 1659 si
946 1609 975 1661 in
1010 1636 1013 1641 ·

110 1682 178 1763 thoe
196 1699 257 1735 erro
279 1681 353 1751 quod
372 1683 474 1733 animos
493 1680 631 1734 hominum
650 1682 817 1734 immortales
838 1699 898 1734 esse
918 1699 974 1736 cre

110 1769 115 1810 Ι
128 1758 198 1825 dam,
212 1758 338 1810 lubenter
350 1774 427 1821 erro;
444 1773 494 1809 nec
511 1756 579 1809 mihi
597 1756 669 1810 hune
686 1773 806 1810 errorem
819 1774 874 1825 quo
886 1756 974 1812 delec-

109 1822 172 1905 {tor
184 1835 248 1887 dum
262 1834 322 1885 vivo
334 1832 491 1900 extorqueri
504 1834 572 1886 volo.
608 1832 655 1886 Sin
668 1836 798 1898 mortuus,
815 1838 847 1886 ut
864 1834 974 1901 quidam

127 1911 224 1963 minuti
236 1908 388 1978 philosophi
403 1914 520 1971 censent,
537 1910 603 1962 nihii
620 1910 742 1970 sentiam,
762 1910 816 1961 non
829 1926 924 1963 vereor
940 1927 975 1964 ne

127 1987 196 2039 hunc
208 2002 328 2039 errorem
340 2002 431 2037 meum
444 1984 545 2038 niortui
556 1985 707 2053 philosophi
720 1984 859 2038 irrideant.
895 1986 974 2050 Quod

127 2064 214 2115 sinon
227 2079 319 2115 smnus
331 2060 498 2115 immortales
514 2063 608 2129 futuri,
627 2066 719 2115 tamen
736 2062 860 2127 extingui
873 2062 974 2115 homiui

98 2196 110 2214 ἢ
126 2156 174 2192 suo
187 2142 309 2207 tempore
328 2130 512 2204 optabilc’est.
549 2139 622 2191 Nam
640 2138 723 2190 habet
742 2141 842 2190 natura
861 2141 893 2191 ut
911 2138 976 2191 alia-

101 2220 186 2269 ³rum
215 2216 333 2269 omnium
364 2232 454 2269 rerum
479 2216 517 2268 sie
540 2215 647 2269 vivendi
671 2212 789 2266 modum.
843 2213 974 2267 Senectus

126 2296 217 2347 autem
242 2294 341 2345 aetatis
366 2295 408 2345 est
430 2292 552 2359 peractio
580 2295 720 2358 tamquam
749 2288 865 2356 fabulae,
895 2289 974 2358 cujus

125 2368 349 2436 defatigationem
373 2369 469 2434 fugero
492 2366 632 2430 debemus,
656 2365 819 2434 pracsertim
843 2366 974 2433 adjuncta

170 2446 259 2499 ietate.
299 2445 375 2497 Haec
393 2442 476 2495 habui
493 2441 528 2493 de
550 2444 691 2493 senectute
705 2456 775 2509 quae
793 2441 919 2509 dicerem,
937 2444 973 2497 ad

126 2539 207 2591 quam
219 2522 322 2575 utinam
335 2518 506 2588 perveniatis,
518 2521 549 2569 ut
562 2532 595 2569 ea
610 2531 682 2586 quae
695 2532 730 2569 ex
746 2531 791 2570 me
809 2518 924 2573 audistis
941 2535 972 2572 re

127 2596 233 2668 experti
245 2596 361 2665 probare
372 2593 487 2664 possitis.

178 2774 182 2783 ,
237 2760 301 2781 ‚uui
324 2738 358 2787 Ἀ
371 2732 418 2802 bf*
434 2732 456 2801 *ἃ
473 2736 572 2807 Q
586 2758 598 2781 ὓ
614 2730 792 2803 ἣνζννύύκ
806 2746 856 2797 *2³⁴¹
876 2779 880 2794 ι

230 2812 234 2824 1
261 2807 273 2832 a
350 2794 481 2845 »tm
497 2790 737 2874 summast(
747 2811 857 2853 assai
874 2815 900 2857 a

206 2820 269 2847 Νη.
283 2829 322 2849 ns„

207 2850 279 2923 ξένῳ
299 2830 528 2911 ώβζφῃῃλμίι,
539 2858 575 2909 Ἠ».
586 2865 654 2910 ’ἢῖώῖ
670 2875 768 2938 ‘'y-'¹4‘
786 2877 854 2938 <sni

755 2927 765 2952 Ν

906 2760 994 2799 u...

920 2812 1024 2862 Μ’,
