2242 3542
315 167 480 215 LAELIUS.
516 167 593 215 eAP.
613 166 720 213 XVIII.
740 166 818 219 XIX.
968 167 997 211 49
1043 184 1047 188 ·

143 244 294 299 dimentum
319 247 463 301 amicitiae.
500 246 625 299 Tristitia
648 251 740 299 autern
765 249 795 299 et
818 246 846 297 in
870 245 943 297 omni
967 260 998 297 re

143 322 274 375 severitas
295 322 379 375 habet
400 322 447 375 illa
469 322 582 391 quidem
606 322 779 389 gravitatem,
806 321 856 374 sed
879 320 999 373 amicitia

142 398 280 451 remissior
293 416 352 451 osse
366 398 450 451 debet
464 404 492 451 et
505 398 616 451 liberior
628 402 657 451 et
671 397 777 449 dulcior
794 400 823 449 et
839 396 876 449 ad
891 413 998 449 omnem
1050 395 1054 402 '

142 475 299 528 comitatem
312 474 528 543 facilitatemque
541 475 692 542 proclivior.

122 599 124 603 ,
194 550 272 604 XIX.
292 554 331 607 67.
350 550 572 603 Exsistitautem
585 550 706 603 hocloco
720 550 853 616 quaedam
872 550 999 619 quaestio

142 626 326 681 subdifficilis:
351 644 416 679 num
439 627 548 696 quando
570 627 650 679 amici
673 628 743 694 novi,
769 626 845 693 digni
869 626 998 689 amicitia,

142 704 280 768 veteribus
305 704 359 758 sint
383 704 577 771 anteponendi,
601 707 633 756 ut
657 704 736 773 equis
760 703 861 756 vetulis
887 706 999 755 teneres

141 783 307 849 anteponere
326 780 451 833 solemus.
489 780 607 847 Indigna
625 780 734 833 homine
754 779 897 832 dubitatio.
935 778 961 831 N
964 796 998 831 en

114 868 116 871 ·
142 856 214 908 eninr
241 856 422 909 amIcitiarum
449 856 552 909 debent
579 873 640 909 esse
667 856 737 909 sieut
764 855 878 908 aliarum
905 873 997 908 rerum

142 931 292 985 satietates.
330 931 488 984 Veterrima
501 948 635 1000 quaeque,
650 935 682 985 ut
696 948 730 984 ea
744 931 807 984 vina
822 948 892 999 quae
907 935 997 984 vetus-

142 1009 229 1058 tatem
247 1007 347 1069 ferunt,
367 1024 427 1060 esso
446 1006 550 1060 debent
569 1007 741 1077 suavissima:
760 1006 996 1075 verumque-illud

142 1083 271 1150 estquod
285 1083 393 1149 dicitnr,
407 1083 507 1138 multos
521 1083 627 1136 medies
639 1083 704 1136 salis
715 1083 796 1137 simul
806 1083 928 1136 edendos
937 1100 998 1136 esse

128 1158 173 1211 'ut
189 1158 325 1211 amicitiae
341 1176 439 1212 munus
454 1160 594 1226 expletum
607 1160 650 1213 sit.
687 1166 728 1214 68.
747 1159 773 1212 N
775 1160 891 1213 evitatas
904 1166 995 1214 autern

111 1245 113 1251 ’
142 1234 164 1287 si
185 1251 260 1302 spem
280 1235 397 1288 afferunt
415 1238 447 1288 ut
465 1239 606 1305 tamquam
624 1236 652 1288 in
671 1236 765 1290 herbis
782 1253 836 1289 nen
856 1237 997 1289 fallacibus

141 1311 255 1364 fructus·
266 1315 404 1379 appareat
424 1328 477 1363 nen
499 1314 562 1364 sunt
581 1311 645 1365 illae
669 1312 782 1379 quidem
801 1313 996 1380 repudiandae,

145 1387 268 1440 vetustas
281 1391 373 1439 tamen
386 1404 434 1439 sue
446 1387 504 1440 loco
519 1388 718 1441 conservanda:
734 1389 854 1441 maxima
867 1394 910 1442 est
924 1389 995 1441 enim

141 1463 182 1515 vis
200 1464 347 1516 vetustatis
366 1467 395 1517 et
413 1464 626 1517 consuetudinis.
653 1464 735 1528 ¹Quin
753 1466 813 1533 ipse
830 1482 900 1533 equo
918 1466 996 1533 cujus

141 1539 222 1591 medo
234 1540 398 1592 mentionem
412 1540 472 1607 feci,
484 1540 506 1592 si
519 1540 594 1592 nulla
602 1557 647 1593 res
656 1541 797 1609 impediat,
807 1558 887 1593 neme
897 1545 940 1595 est
949 1542 996 1609 qui

140 1630 193 1667 nen
206 1632 238 1667 ee
251 1632 304 1683 qne
314 1616 454 1669 consuevit
465 1615 596 1669 libentius
605 1620 701 1670 utatur
713 1634 796 1685 quam
808 1618 955 1671 intractato
967 1623 997 1672 et

141 1707 226 1744 nevo:
240 1692 406 1745 necassem
419 1692 555 1761 hecquod
569 1695 612 1745 est
624 1693 731 1759 animal,
748 1694 797 1746 sed
815 1694 843 1746 in
861 1694 895 1746 iis
913 1695 995 1747 etiam

109 1804 111 1810 ·
142 1784 211 1834 quae
233 1771 296 1820 sunt
316 1768 435 1821 inanima
453 1769 623 1821 consuetude
642 1768 722 1836 valet,
741 1787 825 1838 quum
844 1770 909 1823 locis
930 1771 996 1839 ipsis

5 1846 6 1853 ’
66 1840 68 1844 ’
142 1842 317 1910 delectemur,
331 1845 481 1897 montuosis
500 1845 584 1897 'etiam
605 1849 634 1899 et
654 1845 833 1913 silvestribus,
849 1848 878 1899 in
896 1846 996 1915 quibus

142 1918 245 1971 diutins
270 1921 429 1973 cennnorati
454 1938 554 1973 sumus.
592 1927 632 1976 69.
658 1921 713 1974 Sed
740 1923 887 1974 maximum
907 1926 950 1975 est
968 1923 995 1974 ia

142 1994 261 2047 amicitia
272 1994 464 2063 [superiorem]
480 2012 648 2063 parentasse
664 1998 803 2063 infcriori;
823 2015 904 2067 saepe
923 1999 996 2052 enim

142 2070 318 2123 excellentiae
327 2070 461 2137 quaedam
471 2076 541 2137 sunt,
550 2073 639 2139 qualis
646 2078 707 2126 erat
716 2074 851 2142 Scipionis
860 2075 887 2126 in
895 2084 997 2141 nestro,

142 2149 174 2197 ut
183 2145 223 2198 ita
231 2145 328 2211 dicam,
338 2162 429 2213 grege.
446 2146 593 2213 Nunquam
604 2165 633 2201 se
643 2148 689 2202 ille
699 2148 784 2212 Philo,
792 2166 931 2218 nunqnam
941 2150 997 2203 Ru-

142 2221 215 2289 pilio‚
227 2238 367 2289 nunquam
380 2222 513 2274 Mummio
526 2225 690 2291 anteposuit,
706 2241 845 2293 nunquam
862 2226 997 2279 inferioris

142 2297 244 2349 ordinis
269 2296 377 2351 amieis:
403 2296 434 2361 Q.
456 2314 519 2351 vero
544 2298 695 2353 Maximum
714 2300 838 2368 fratrem,
857 2302 997 2369 egregium

141 2373 229 2425 virum
243 2372 358 2440 omnine,
371 2373 423 2427 sibi
436 2391 609 2443 nequaquam
625 2393 727 2443 parem,
744 2377 818 2445 quod
835 2377 859 2429 is
873 2376 998 2431 anteibat

141 2453 233 2503 aetate
245 2454 386 2517 tamquam
400 2450 569 2518 superiorem
581 2451 696 2517 colebat,
709 2470 827 2521 suosque
841 2470 933 2506 omncs
948 2471 1010 2521 per.

141 2543 171 2579 se
184 2543 245 2579 esse
257 2526 403 2593 ampliores
415 2526 533 2580 volebat.
571 2531 610 2585 70.
630 2528 709 2592 Quod
721 2529 876 2583 faciendum
889 2529 997 2583 imitan-

142 2601 263 2670 dumque
276 2606 319 2654 est
331 2602 464 2669 omnibus,
477 2607 516 2668 nt,
529 2604 553 2655 si
568 2621 650 2671 quam
665 2606 863 2673 praestantiam
879 2606 997 2674 virtutis,

141 2678 250 2745 ingenii,
277 2679 403 2731 fortunae
430 2680 570 2733 consecuti
596 2685 668 2746 sunt,
695 2681 857 2749 impertiant
882 2699 916 2735 ea
941 2684 998 2736 suis

142 2756 396 2823 communicentque
414 2772 474 2808 cuns
493 2757 643 2824 proximis3
660 2760 700 2824 ut,
720 2758 742 2810 si
761 2758 922 2827 parentibus
939 2760 998 2812 nati

142 2830 197 2883 sint
213 2830 368 2895 humilibus,
386 2832 409 2883 si
426 2834 595 2900 propinques
611 2833 731 2887 habeant
746 2834 937 2887 imbecilliores
956 2834 997 2887 vel

142 2906 231 2959 anime
250 2906 292 2959 vel
309 2907 426 2972 fortuna,
444 2925 539 2965 cerum
560 2913 680 2977 augeant
701 2927 766 2978 opes
788 2911 882 2978 eisque
903 2910 997 2963 honeri

142 2983 197 3034 sint
213 2987 243 3036 et
259 2982 404 3050 dignitati:
419 2988 452 3037 ut
468 2985 495 3038 in
510 2984 618 3052 fabulis,
634 2988 681 3055 qui
698 2987 867 3054 aliquamdiu
884 2992 997 3054 propter

142 3058 340 3124 ignorationem
365 3060 459 3129 stirpis
484 3065 512 3114 et
536 3062 646 3129 generis
672 3064 700 3114 in
728 3064 861 3117 famulatu
888 3062 998 3122 fuerint,

142 3150 225 3201 quum
239 3135 340 3203 cogniti
354 3141 417 3189 sunt
430 3140 459 3190 ct
471 3140 520 3191 aut
532 3139 647 3191 deorum
660 3143 708 3192 aut
720 3156 816 3205 regum
827 3138 876 3191 filii
885 3138 998 3207 inventi,

142 3208 263 3263 retinent
275 3214 367 3264 tamen
381 3212 525 3267 caritatem
539 3214 567 3267 in
580 3219 704 3285 pastores
717 3231 785 3269 enos
795 3218 889 3283 patres
898 3212 1000 3283 inultos
