2242 3542
300 135 369 186 nra.
387 135 742 197 n.,car.xv11.-xrx.,
760 136 774 196 s
793 140 882 187 ao-sa.
968 143 1015 189 ras

169 218 253 272 litum
261 219 322 272 fieri
334 220 369 272 ab
379 219 482 272 'ordine
494 224 591 272 nostro
603 219 634 271 in
643 219 769 273 oratione
779 221 870 273 Crassi
880 222 1015 291 scriptum

170 300 282 369 copiose
295 300 431 353 videmus.
468 301 630 369 Hancergo
643 300 874 354 consuetudinem
887 302 1015 371 benigni·
1038 308 1051 392 J

171 382 238 433 tatis
256 381 401 450 largitioni
420 397 567 433 munerum
585 383 671 450 longe
690 386 839 450 antepono.
877 383 954 435 Haec
973 389 1015 435 est

170 463 298 531 gravium
311 462 457 515 hominum
473 468 557 530 atque
570 478 744 531 magnorum,
758 463 808 515 illa
824 464 902 531 quasi
917 465 1014 517 adsen-

170 550 293 595 tatorum
304 544 404 613 populi
417 542 609 596 multitudinis
621 543 765 596 levitatem
775 545 920 613 voluptate
934 546 1013 612 quasi

170 624 354 678 titillantium.
392 627 434 678 64.
451 624 607 678 Conveniet
621 630 715 677 autem
728 640 791 676 eum
803 624 833 676 in
847 625 942 677 dando
955 642 1014 678 rnn-

170 706 282 758 uiticum
301 722 359 758 esse
377 708 438 757 tum
451 705 483 757 in
501 704 642 775 exigendo
661 722 718 757 non
737 706 866 757 acerbum
881 705 910 756 in
927 706 1014 758 omni-

171 802 224 852 que
247 802 277 837 re
298 785 498 853 contrahenda,
511 785 661 839 vendendo
683 786 810 852 amende,
828 786 1014 838 conducendo

170 866 297 933 locando,
316 866 512 920 vicinitatibus
539 871 568 918 et
592 866 719 927 confiniis
746 883 874 935 aequum,
894 866 1014 934 facilem,

169 948 258 999 multa
281 947 378 1000 multis
401 948 437 999 de
463 963 513 999 eno
535 946 595 999 iure
620 947 774 1013 cedentem,
791 964 808 999 a
829 947 926 999 litibus
947 964 1014 1001 vero

170 1033 306 1095 quantum
319 1028 404 1080 liceat
422 1033 451 1080 et
465 1026 559 1079 nescio
579 1044 613 1079 an
629 1028 724 1096 paullo
743 1028 806 1096 plus
825 1027 910 1079 etiam
929 1044 1013 1095 quarn

169 1108 252 1160 liceat
266 1109 470 1161 abhorrentem,
498 1109 549 1160 Est
559 1108 633 1159 enim
644 1124 700 1159 non
714 1108 798 1160 niodo
808 1107 922 1160 liberale
935 1110 1014 1177 paul-

169 1188 226 1239 lum
240 1204 297 1240 non
310 1204 462 1257 numquam
476 1188 511 1239 de
524 1204 574 1240 suo
587 1188 646 1239 iure
660 1188 803 1253 decedere,
812 1188 860 1239 sed
870 1187 1013 1241 interdum

169 1269 253 1320 etiam
271 1269 450 1321 fructuosum.
488 1269 627 1320 Habenda
648 1274 741 1320 autem
759 1268 831 1320 ratio
853 1275 894 1320 est
914 1268 953 1319 rei
974 1268 1039 1321 fat-⁸

168 1348 291 1415 miliaris‚
307 1365 390 1416 quam
413 1348 529 1415 quidem
550 1347 640 1399 dilabi
661 1347 749 1399 sinere
768 1347 939 1415 flagitiosum
962 1356 1011 1417 est,

167 1430 217 1481 sed
237 1429 285 1493 ita,
303 1436 336 1480 ut
355 1427 554 1479 illiberalitatis
576 1427 767 1494 avaritiaeque
787 1427 861 1479 absit
881 1429 1011 1498 suspicio.
1030 1463 1048 1500 a

167 1510 253 1562 Posse
272 1509 346 1561 enim
365 1509 533 1561 liberalitate
553 1508 595 1560 uti
614 1524 671 1560 non
689 1508 856 1577 spoliantem
877 1526 906 1561 se
925 1511 1012 1578 patri-

167 1590 262 1642 monio
275 1589 408 1641 nimirum
422 1595 463 1640 est·
475 1588 610 1657 pecuniae
622 1587 729 1641 fructus
741 1588 887 1642 maximus.
925 1591 1012 1643 Recte

167 1670 252 1723 etiam
262 1687 279 1721 a
287 1670 479 1738 Theophrasto
489 1675 531 1721 est
539 1669 652 1721 laudata
661 1669 845 1737 hospitalitas,
867 1671 917 1723 Est
927 1671 1010 1739 enim,

167 1756 199 1803 ut
214 1750 283 1803 mihi
300 1750 414 1818 quidem
427 1750 546 1816 videtur,
557 1749 639 1803 valde
655 1750 787 1802 (iecorum
798 1756 893 1819 patere
909 1753 1012 1805 domus

167 1832 311 1884 hominum
321 1830 471 1883 illustrium
481 1830 641 1898 hospitibus
653 1830 817 1898 illustribus,
826 1831 912 1900 idque
925 1833 1009 1885 etiam

167 1913 205 1965 rei
217 1912 347 1981 publicae
360 1921 401 1963 est
413 1916 585 1975 ornamento,
593 1910 721 1963 homines
734 1916 862 1963 externos
875 1913 929 1963 hoc
942 1913 1010 1966 libe-

166 1992 285 2045 ralitatis
300 2007 401 2061 genere
417 1990 447 2041 in
460 1991 528 2042 urbe
544 1997 639 2041 nostru
653 2006 709 2041 non
726 2006 813 2058 egere.
849 1992 901 2043 Est
915 1996 1008 2045 autem

166 2073 250 2125 etiarn
265 2074 444 2125 vehementer
458 2070 527 2122 utile
542 2069 585 2137 iis,
599 2070 648 2137 qui
664 2071 777 2121 honeste
792 2087 874 2138 posse
889 2073 1008 2125 multum

166 2154 272 2219 volunt,
281 2169 331 2221 per
343 2151 469 2221 hospites
482 2150 559 2219 apud
573 2156 701 2202 externos
713 2152 833 2219 populos
845 2152 936 2203 valere
949 2153 1007 2222 opi-

166 2232 218 2285 bus
236 2240 264 2286 et
282 2234 381 2302 gratia.
418 2232 629 2299 Theophrastus
647 2230 761 2299 quidem
781 2230 878 2283 scribit
894 2232 1007 2285 “Cimo-

166 2329 229 2365 nem
243 2314 363 2366 Athenis
378 2312 462 2365 etiam
474 2312 504 2363 in
520 2328 584 2364 suos
599 2310 717 2363 curiales
732 2310 869 2364 Laciadas
884 2312 1007 2381 hospita·

165 2394 219 2445 lem
234 2393 334 2446 luisse:
353 2393 394 2445 ita
412 2392 486 2445 enim
501 2392 655 2445 instituisse
670 2395 698 2443 et
712 2391 804 2444 vilicis
818 2391 1004 2462 imperavisse,
1098 2390 1100 2443 J

165 2481 197 2526 ut
211 2473 306 2525 omnia
319 2473 519 2541 praeberentur
533 2472 702 2541 quicumque
717 2471 852 2525 Laciades
867 2472 896 2524 in
910 2474 1005 2527 villam
1097 2502 1098 2511 κ

164 2570 242 2607 suain
255 2554 445 2606 devertisset.”

199 2636 276 2687 XIX.
315 2637 357 2687 65.
377 2635 455 2700 Quae
473 2639 567 2685 autem
584 2650 668 2703 opera
687 2650 744 2685 non
759 2634 907 2703 largitione
923 2636 1005 2689 bene-

164 2712 228 2766 ficia
250 2715 360 2781 dantur,
376 2714 446 2765 haec
470 2730 534 2765 curn
554 2714 584 2765 in
606 2714 764 2766 universam
784 2729 842 2765 rem
862 2716 1004 2783 publicam

164 2795 225 2844 tum
239 2794 268 2844 in
288 2794 414 2862 singulos
432 2792 507 2846 cives
524 2793 711 2847 conferuntur.
749 2795 822 2847 Nam
836 2794 867 2846 in
882 2795 941 2848 iure
960 2814 1004 2850 ca·

165 2888 236 2938 vere,
249 2874 364 2926 consilio
379 2873 474 2926 iuvare
488 2879 572 2941 atque
588 2875 641 2926 hoe
659 2874 790 2927 scientiae
805 2891 906 2944 genera
921 2878 1003 2944 prod-

165 2968 224 3004 esse
239 2968 323 3020 quam
341 2954 469 3022 plurimis
483 2953 661 3005 vehementer
679 2960 707 3006 et
722 2954 760 3007 ad
775 2971 842 3023 opes
861 2957 1004 3024 augendas

163 3032 286 3100 pertinet
299 3039 327 3085 et
346 3034 382 3085 ad
397 3033 525 3103 gratiam.
562 3033 661 3101 Itaque
680 3049 744 3086 cum
759 3036 848 3086 multa
863 3037 1003 3102 praeclara

163 3112 299 3165 maiorum
308 3129 369 3165 tum
381 3113 457 3180 quod
471 3112 576 3182 optime
590 3113 737 3165 constituti
747 3113 815 3165 iuris
827 3113 918 3166 civilis
930 3130 1001 3169 snm·
