2242 3542
31 9 732 113 ianIMQdmaqam

672 82 966 195 aaauqedassa.

60 264 87 295 ἰ.

54 490 69 557 l

129 154 161 201 96
234 194 236 199 .
437 150 493 199 DE
510 149 663 200 ormena

130 252 198 303 eam,
213 251 284 303 quae
300 235 336 287 ab
351 234 490 287 honestat
471 238 507 287 trs
522 232 680 285 actionibus
698 248 756 285 ιιοιι
772 231 808 284 sit
823 230 940 301 aliena,
934 235 974 287 sie

129 317 159 368 in
172 317 234 385 ipso
246 316 309 367 ioco
323 314 439 383 aliquod
448 314 532 383 probi
541 313 650 382 ingenii
659 315 754 365 lumen
765 314 881 365 eluceat.
915 314 974 367 104„

130 398 243 466 Duplex
265 396 379 448 omnino
404 399 445 447 est
466 394 581 447 iocandi
602 410 699 463 genus,
718 410 806 445 unum
828 393 974 462 illiberale,

129 480 267 548 petulans
282 476 462 545 flagitiosum,
479 476 639 540 obscenum,
655 476 774 527 alterum
796 475 917 543 elegans,
931 492 975 528 ur·

130 560 242 624 benum,
256 557 441 626 ingeniosum,
455 556 584 609 facetum.
623 557 685 621 Quo
700 572 801 625 genere
816 572 875 607 non
888 557 974 608 modo

129 642 247 693 Plautus
269 644 363 691 noster
385 642 413 691 et
431 638 591 690 Atticorum
616 637 732 705 antiqua
754 636 912 706 comoedia,¹
924 638 974 689 sed

130 722 215 773 etiam
230 720 464 789 philosophorum
485 718 691 771 Socraticorum
706 718 772 770 libri
787 717 881 770 referti
900 723 974 785 sunt,

130 803 275 869 multaque
294 802 447 853 multorum
466 800 555 851 facete
579 799 664 867 dicta,
679 805 713 852 ut
731 816 771 865 ea,
785 815 856 867 quae
875 815 891 850 a
909 816 975 851 sene

130 884 236 934 Catone
251 882 369 937 collecta
385 886 456 947 sunt,
470 896 540 949 quae
554 886 657 933 vocant
670 884 862 950 ἀποφθέγματα.
894 880 974 931 Faci-

130 963 165 1014 lis
175 963 315 1031 igiturest
325 962 472 1014 distinctio
482 962 600 1031 ingenui
610 967 637 1014 et
647 961 793 1013 illiberalis
802 961 865 1013 ioci.
895 961 975 1012 Alter

130 1050 179 1111 est,
190 1044 212 1095 si
228 1048 353 1111 tempore
368 1044 408 1108 fit,
422 1043 445 1095 si
460 1044 576 1095 remisso
588 1042 691 1109 animo,
706 1042 841 1110 [inpensae]
859 1042 973 1093 bomine

130 1124 242 1191 dignus,
259 1124 329 1175 alter
348 1140 382 1176 ne
401 1124 490 1176 libero
509 1124 632 1191 quidem,
648 1123 673 1174 si
690 1139 782 1175 rerum
800 1122 974 1191 turpitudini

116 1205 281 1272 ,adhibetur
302 1206 450 1257 verborum
471 1204 636 1257 obscenitas,
674 1204 807 1256 Ludendi
826 1203 911 1255 etiam
931 1208 973 1255 est

116 1286 247 1352 *quidam
262 1286 364 1338 modus
379 1286 549 1353 retinendus,
560 1290 592 1337 ut
605 1302 639 1336 ne
655 1283 740 1338 nimis
754 1283 849 1335 omnia
860 1282 974 1352 profun-

130 1368 229 1418 damus
254 1366 377 1435 elutique
398 1368 544 1434 voluptate
569 1366 598 1417 in
624 1366 746 1433 aliquam
768 1363 974 1432 turpitudinem

130 1448 301 1501 delabemur.
340 1448 531 1516 Suppeditant
547 1451 640 1498 autem
658 1452 686 1497 et
702 1461 817 1513 campus
834 1449 928 1496 noster
945 1451 974 1497 et

130 1528 223 1579 studia
236 1528 359 1580 venandi
372 1530 489 1580 honest-a
504 1528 633 1595 exempla
645 1525 773 1579 ludendi.

114 1626 128 1687 f
165 1609 255 1661 XXX
288 1611 346 1661 105.
368 1608 423 1660 Sed
445 1607 568 1676 pertinet
590 1606 627 1659 ad
649 1622 761 1657 omnem
782 1605 869 1657 officii
891 1622 973 1673 quae-

117 1689 250 1767 (ationem
269 1705 378 1756 semper
395 1688 425 1739 in
444 1691 578 1756 promptu
596 1687 699 1738 babere
718 1692 854 1754 quantum
872 1689 973 1737 natura

117 1770 252 1844 {hominis
266 1769 426 1861 pecudibus
435 1769 605 1837 reliquisque
615 1768 706 1820 beluis
717 1768 872 1821 antecedat.
903 1769 974 1820 Illae

118 1813 204 1903 nihil
228 1850 353 1903 sentiunt
375 1850 429 1901 nisi
451 1851 549 1917 volupt
551 1855 625 1901 atem
650 1850 688 1901 ad
709 1865 826 1914 eamque
846 1847 975 1900 feruntur

130 1931 207 1984 omni
222 1932 338 2001 impetu,
355 1930 477 1983 hominis
492 1936 540 1982 aut
542 1947 586 1981 em
600 1946 680 1981 mens
695 1930 830 1982 discendo
846 1929 930 1982 alitur
945 1938 974 1983 et

130 2014 208 2083 cogit
198 2014 285 2065 tando
287 2028 413 2081 ,semper
425 2000 532 2079 aliquid
547 2014 596 2063 aut
609 2010 734 2078 anquirit
746 2016 795 2063 aut
808 2010 867 2079 agit
876 2010 974 2063 viden-

131 2094 218 2161 dique
233 2098 261 2146 et
274 2092 410 2146 audiendi
426 2092 547 2143 delectat
506 2091 614 2143 itione
630 2092 709 2144 ducit
698 2097 751 2144 tur
789 2091 973 2158 Quinetiam,

130 2176 154 2227 si
170 2176 232 2244 quis
248 2181 290 2227 est
304 2176 401 2243 paullo
421 2174 457 2225 ad
473 2174 634 2241 voluptates
652 2173 824 2264 propensior,
838 2172 923 2224 modo
938 2189 974 2225 ne

130 2258 166 2309 sit
182 2274 215 2309 ex
234 2257 374 2325 pecudum
394 2257 669 2345 genere-sunt
617 2253 690 2305 enim
671 2255 848 2331 quidam
845 2252 975 2326 homines

105 2291 187 2389 iinon
206 2354 242 2399 re,
259 2337 307 2387 sed
327 2326 572 2386 nomine—sed
545 2334 651 2401 arquis
673 2339 714 2385 est
671 2322 848 2402 paullo
849 2319 974 2400 erectior,

131 2414 259 2485 quumvis
253 2406 439 2483 voluptate
431 2414 524 2483 capiat
525 2432 566 2482 ur,
578 2415 742 2467 occultat
715 2420 742 2466 e
756 2414 915 2467 dissimulat
927 2430 975 2482 ap

130 2498 251 2567 petitum
262 2498 361 2564 volupt
364 2495 417 2549 atis
426 2500 541 2565 propter
550 2495 757 2547 verecundiam.
790 2496 849 2548 106.
863 2496 975 2561 Exque

130 2578 305 2645 intellegitur
317 2576 441 2644 eorporis
453 2577 629 2644 voluptatem
642 2592 698 2627 non
709 2575 777 2627 satis
789 2592 848 2627 esse
857 2576 975 2644 dignam

130 2658 254 2711 hominis
272 2656 443 2725 praestantia
462 2672 578 2723 eamque
598 2656 739 2708 contemni
758 2661 786 2708 et
800 2656 879 2708 reiici
894 2672 975 2724 opor-

131 2745 204 2790 tere:
225 2737 268 2789 sin
287 2737 324 2789 sit
342 2736 483 2805 quispiam
502 2736 552 2804 qui
571 2737 681 2827 aliqpid
699 2736 806 2789 tribuat
824 2735 975 2805 voluptati,

132 2818 283 2887 diligenter
305 2817 363 2869 eit
352 2818 505 2869 tenendum
530 2833 589 2868 esse
612 2817 672 2869 cius
693 2816 827 2869 fruendae
848 2818 974 2871 modum.

117 2900 230 2981 ,itaque
244 2899 335 2952 vietus
351 2900 409 2951 cult
398 2904 499 2965 tuaque
513 2898 638 2966 corporis
652 2899 690 2949 ad
702 2898 894 2950 valetudinem
907 2896 974 2949 refe

119 2940 174 3051 irat
176 2997 209 3031 ur
224 2985 251 3031 et
265 2980 301 3031 ad
316 2978 395 3044 sires,
406 2995 463 3031 non
477 2979 514 3030 ad
527 2980 711 3070 voluptatem.
740 2979 835 3046 Atque
848 2980 941 3045 etiam,
951 2979 975 3031 si

120 3060 306 3120 §considerare
318 3061 448 3111 volumus
461 3075 532 3125 quae
546 3059 604 3111 sit
596 3075 626 3110 ιιι
638 3064 738 3111 natura
749 3060 872 3112 hominis
885 3061 975 3111 excel

120 3136 218 3192 'ntia
231 3146 259 3193 et
269 3139 440 3210 dignitas,1u
443 3140 607 3210 tellegemus
618 3155 701 3209 quam
712 3140 748 3193 sit
757 3147 838 3212 turpe
849 3139 980 3210 diffluere
