2242 3542
146 144 176 192 44
374 139 411 186 M.
431 136 557 187 TULLII
575 136 764 183 CICERONIS

144 224 210 291 dixi,
232 223 255 277 si
275 238 331 291 qua
352 218 514 288 significatio
535 216 646 271 virtutis
669 216 775 271 eluceat
798 217 835 270 ad
858 230 948 286 quam
964 234 998 278 se

144 300 239 353 similis
253 300 359 352 animus
373 295 492 364 applicet
507 297 536 347 et
551 292 691 361 adjungat,
707 292 738 345 id
754 309 838 360 quum
852 294 997 363 contingit,

145 392 220 428 unior
233 375 373 427 exoriatur
384 387 495 424 neeesse
507 372 557 423 est.
593 375 633 422 49.
653 369 726 432 Quid
738 370 810 421 onim
826 373 883 423 tam
900 369 997 424 absur·
1033 396 1037 403 ·

145 450 209 503 <lum
229 467 310 518 quam
329 446 461 501 delectari
477 446 572 498 multis
587 445 714 497 inanibus
730 444 820 510 rebus,
837 448 869 498 ut
884 445 995 511 honore,

144 530 176 580 ut
198 526 292 595 gloria,
317 529 348 578 ut
372 522 503 589 aedificio,
528 525 559 575 ut
583 522 686 574 vestitu
710 522 840 589 cultuque
865 522 995 589 eorporis,

143 602 233 655 animo
248 606 340 655 autem
358 602 460 653 virtute
474 598 602 667 praedito
616 614 649 651 eo
664 598 709 665 qui
725 598 768 650 vel
782 614 880 664 amare,
895 599 945 664 vel,
960 602 995 653 ut

143 678 184 731 ita
205 678 300 745 dicam,
322 678 464 730 redamare
486 676 580 744 possit,
601 691 655 727 uon
674 674 821 727 admodum
843 675 995 729 delectati?

147 754 219 806 blihil
233 759 275 807 est
289 754 361 806 enim
374 751 593 805 remuneratione
604 750 816 816 benevolentiae,
831 750 898 803 nihil
914 752 994 805 vicis·

144 830 265 882 situdino
279 829 432 882 studiorum
448 827 651 895 officiorumque
660 826 816 895 jucundius.
852 833 893 880 50.
912 826 991 891 Quod

143 906 164 957 si
176 906 244 960 illud
254 908 337 963 etiam
351 906 485 971 addimus,
496 904 570 973 quod
581 904 731 958 reeteaddi
742 909 841 972 potest,
851 904 918 957 nihil
930 921 992 959 esse

143 983 217 1049 quod
230 984 266 1035 ad
282 1000 311 1036 se
323 990 382 1036 rem
394 982 477 1035 ullam
491 985 549 1034 tam
558 981 661 1033 alliciat
673 978 898 1053 ettamattrahat
910 998 991 1048 quam

144 1058 334 1111 adamieitiam
347 1058 503 1122 similitudo,
511 1056 677 1109 concedetur
688 1057 810 1123 profecto
822 1074 917 1111 verum
930 1074 991 1111 esse

143 1138 174 1187 ut
182 1133 265 1186 bonos
275 1135 337 1187 boni
346 1134 462 1201 diligant
469 1134 678 1200 admiscentque
687 1129 740 1185 sibi
748 1133 825 1200 quasi
834 1133 991 1201 propinqui-

144 1213 201 1262 tate
218 1208 376 1277 conjunctos
389 1214 472 1277 atque
484 1213 588 1263 natura.
625 1209 701 1262 Nihil
717 1214 761 1261 est
777 1210 849 1261 enim
861 1214 992 1277 appeten-

145 1286 198 1337 tius
211 1285 339 1338 similium
355 1286 404 1351 sui,
421 1285 488 1337 nihil
503 1285 637 1353 rapacius,
654 1302 734 1353 quam
752 1288 856 1338 natura.
893 1286 991 1349 Quam·

143 1360 237 1414 obrem
250 1361 300 1415 hoe
313 1362 431 1430 quidem,
443 1362 527 1414 Fanni
539 1364 568 1415 et
578 1361 714 1428 Scaevola,
724 1364 839 1428 constat,
850 1366 880 1414 ut
889 1362 990 1429 opinor,
1023 1401 1026 1404 -

143 1436 221 1490 bonis
232 1438 304 1491 inter
317 1438 400 1491 bonos
413 1438 490 1505 quasi
505 1437 686 1491 neeessariam
702 1437 927 1503 benevolentiam,
943 1439 992 1506 qui

143 1518 185 1568 est
206 1516 342 1568 amicitiae
365 1514 425 1568 iens
449 1532 465 1567 a
488 1519 587 1568 natura
610 1514 782 1567 constitutus.
818 1514 874 1567 Sed
893 1514 991 1568 eadem

143 1590 249 1645 bonitas
262 1592 344 1645 etiam
357 1590 393 1644 ad
405 1591 610 1645 multitudinem
623 1591 749 1657 pertinet.
786 1590 811 1642 N
813 1608 848 1643 on
862 1588 991 1645 est'enim

142 1666 288 1720 inhumana
306 1668 393 1721 virtus
412 1684 500 1735 neque
519 1667 647 1719 immunis
665 1683 753 1735 neque
775 1667 899 1735 superba,
920 1684 991 1734 quae
1060 1709 1063 1713 Α

143 1743 225 1795 etiam
242 1743 355 1810 populos
372 1745 511 1796 universos
528 1743 601 1795 tueri
619 1743 713 1810 eisque
731 1743 991 1811 optime'eonsulere

143 1818 229 1871 soleat
240 1840 246 1883 ;
266 1819 339 1886 quod
357 1836 410 1871 non
428 1820 530 1873 faceret
547 1818 678 1887 profecto,
700 1819 723 1871 si
744 1836 760 1871 a
780 1819 896 1872 caritate
916 1818 990 1887 vulgi

142 1894 307 1948 abhorreret.
343 1901 382 1947 51.
404 1897 498 1961 Atque
510 1896 592 1947 etiam
605 1893 670 1946 mihi
683 1894 796 1963 quidem
805 1894 933 1947 videntur
942 1894 990 1963 qui

143 1970 269 2024 utilitatis
284 1987 365 2024 eausa
380 1972 486 2038 fingunt
496 1970 634 2026 amicitias
650 1970 873 2023 amabilissimum
888 1970 990 2023 nodum

141 2046 277 2100 amicitiae
301 2047 404 2100 tollere.
441 2047 465 2099 N
469 2063 503 2100 on
527 2046 600 2099 enim
624 2051 681 2099 tam
704 2046 810 2100 utilitas
835 2051 915 2114 parta
939 2062 990 2114 per

140 2122 256 2175 ainieum
270 2140 351 2189 quam
360 2123 439 2175 amici
450 2140 525 2175 amor
535 2124 594 2191 ipse
604 2122 738 2187 delcetat3
749 2125 863 2191 tumque
872 2122 940 2175 illud
949 2123 989 2188 fit,

141 2198 214 2265 quod
227 2197 261 2250 ab
274 2199 359 2251 amieo
372 2196 420 2252 est
430 2199 591 2268 profectum,
601 2198 767 2266 jucundum,¹
779 2198 801 2250 si
820 2216 880 2251 eum
897 2198 989 2252 studio
1013 2247 1016 2251 .
1080 2220 1083 2224 ·

140 2280 182 2326 est
201 2274 368 2341 profectum:
387 2278 554 2343 tantumque
572 2274 651 2328 abest
670 2279 708 2328 ut·
721 2275 856 2329 amicitiae
876 2279 989 2344 propter

140 2349 317 2416 indigentiam
329 2350 460 2417 colantur,
472 2354 504 2404 ut
516 2351 535 2402 ii
548 2351 595 2418 qni
608 2351 704 2418 opibus
720 2352 847 2419 et'eopiis
862 2352 989 2405 maxime-

78 2462 80 2467 ·
140 2442 194 2492 que
215 2426 317 2478 virtute
338 2425 463 2493 praediti,
484 2426 512 2478 in
537 2443 592 2495 qua
614 2426 762 2494 plurimum
786 2433 829 2480 est
851 2428 988 2495 praesidii,

140 2500 250 2553 minime
273 2501 385 2554 alterius
409 2502 557 2571 indigeant,
579 2502 761 2555 liberalissimi
782 2503 838 2556 sint
858 2507 887 2556 et
906 2502 988 2556 bene·

140 2577 314 2632 licentissimi.
352 2580 446 2647 Atque
465 2579 538 2632 haud
557 2581 611 2633 seio
630 2597 663 2633 an
682 2598 716 2632 ne
734 2596 802 2647 opus
820 2580 857 2632 sit
878 2580 988 2648 quidem

140 2653 205 2705 nihil
221 2668 340 2721 unquam
357 2655 465 2708 omnino
483 2656 580 2709 deesse
598 2656 698 2709 amicis.
735 2655 790 2708 Ubi
809 2655 880 2708 enim
899 2655 989 2707 studia

139 2733 232 2782 nestra
245 2730 402 2797 viguissent,
419 2731 441 2783 si
457 2748 597 2799 nunquam
615 2732 733 2796 consilia,
750 2747 888 2799 nunquam
906 2747 988 2799 opem

140 2808 232 2857 nostra
244 2822 293 2858 nee
301 2806 373 2858 domi
382 2824 431 2859 nee
441 2807 553 2861 militiae
564 2808 652 2875 Scipio
659 2807 796 2874 eguissett
832 2806 857 2857 N
860 2823 894 2869 qn
904 2807 988 2873 igitur

139 2880 286 2934 utilitatem
298 2882 425 2949 amicitia,
440 2884 488 2936 sed
501 2884 606 2936 utilitas
617 2884 764 2936 amicitiam
776 2886 920 2935 consecuta
932 2885 981 2935 est.

192 2957 253 3009 XV.
277 2962 317 3009 52.
335 2957 360 3009 N
363 2974 397 3009 on
410 2975 475 3025 ergo
488 2964 569 3013 erunt
581 2960 705 3012 homines
717 2958 821 3011 deliciis
833 2958 988 3011 diffluentes

49 3064 88 3109 Ἳ
140 3032 275 3097 audiendi,
300 3032 323 3084 si
347 3034 455 3101 quando
480 3036 515 3088 de
538 3035 658 3087 amicitia
681 3050 763 3101 quam
786 3050 836 3085 nee
860 3048 912 3085 usu
937 3050 988 3086 nec

139 3108 245 3161 ratione
263 3108 365 3162 habent
383 3109 519 3175 cognitam
540 3109 729 3177 disputabunt.
764 3108 836 3160 Nam
857 3109 917 3174 quis
937 3112 987 3174 est,

139 3196 189 3249 pne
207 3182 288 3236 deum
306 3182 389 3237 iidem
416 3186 665 3253 atquehominum,
684 3184 731 3252 qui
753 3183 825 3249 velit,
846 3187 879 3235 ut
899 3200 987 3250 neque
