2242 3542
39 2 836 76 tmaaaamawnwataaam.

132 142 179 191 142
443 138 493 187 DE
510 134 664 188 OFFICIIS

77 252 91 304 s
117 225 223 351 ,inquit
233 227 248 254 ‘⁴
257 225 331 277 malo
341 222 434 278 virum
446 222 495 291 qui
507 220 627 291 pecunia
639 225 721 290 egeat
731 235 816 287 quam
828 218 976 287 pecuniam

130 321 202 373 quae
223 304 310 358 viro.”
349 304 405 357 Sed
426 302 552 372 corrupti
573 316 663 354 mores
686 299 889 369 depravatique
911 305 977 355 sunt

114 378 316 438 ‘admiratione
331 382 511 437 divitiarum:
531 398 649 451 quarum
668 380 838 450 magnitudo
853 381 924 449 quid
939 382 976 434 ad

130 481 216 517 unum
230 480 370 533 quemque
384 470 510 517 nostrum
523 462 662 533 pertiuett
699 463 784 515 Illum
796 461 913 515 fortasse
928 463 976 515 ad·

129 546 216 615 iuvat,
227 546 276 614 qui
289 546 383 599 habet.
420 547 465 599 Ne
479 546 511 598 id
524 544 640 613 quidem
653 560 768 613 semper.
807 544 863 598 Sed
875 543 920 597 fac
934 544 975 597 iu-

129 643 208 681 vare:
234 627 359 681 utentior
380 643 446 679 sane
470 626 515 693 sit,
535 625 680 679 honestior
701 641 766 679 vero
791 640 847 693 quo
871 626 975 680 modol

130 708 213 773 Quod
232 708 257 760 si
275 708 361 761 etiam
379 708 469 760 bonus
488 706 542 760 erit
560 706 611 774 vir,
627 723 663 759 ne
681 706 839 776 impediant
857 706 975 761 divitiae

129 804 186 857 quo
207 788 299 842 minus
319 789 437 856 iuvetur,
454 784 540 840 modo
561 803 597 840 ne
620 787 763 852 adiuvent,
779 786 871 856 sitque
892 803 975 839 omne

129 868 267 922 iudicium
285 887 343 922 non
362 885 446 938 quam
465 869 599 938 locuples,
612 868 663 921 sed
678 868 770 935 qualis
785 868 902 936 quisque
921 868 973 921 sitl

129 953 294 1003 Extremum
315 954 408 1002 autem
426 954 608 1019 pracceptum
626 948 657 1001 in
676 948 818 1002 beneficiis
835 964 975 1018 operaque

130 1030 235 1096 danda,
248 1047 284 1082 ne
299 1029 368 1099 quid
384 1035 482 1082 contra
497 1029 668 1097 aequitatem
683 1030 845 1098 contendas,
854 1045 889 1081 ne
904 1029 974 1097 quid

129 1128 181 1181 pro
198 1110 307 1164 iniuria.
344 1110 571 1163 Fundamentum
587 1110 662 1161 enim
677 1114 719 1162 est
733 1114 883 1179 perpetuae
902 1126 975 1163 com-

130 1190 318 1245 mendationis
342 1196 371 1243 et
389 1190 480 1244 famae
500 1189 616 1257 iustitia,
637 1190 696 1243 sine
716 1206 772 1258 qua
791 1189 864 1243 nihil
881 1195 975 1260 potest

130 1289 189 1327 esse
203 1271 354 1326 landabile.

165 1354 242 1407 XXI.
280 1355 322 1406 72.
342 1353 405 1420 Sed,
416 1352 548 1421 quoniam
564 1352 600 1405 de
616 1369 648 1405 eo
663 1368 765 1422 genere
777 1352 975 1405 beneficiorum

131 1435 239 1487 dictum
252 1440 301 1502 est,
312 1450 385 1502 quae
397 1436 435 1487 ad
448 1434 575 1504 singulos
590 1439 725 1503 spectant,
737 1432 869 1502 deinceps
882 1434 918 1486 de
930 1434 974 1498 iis,

131 1532 201 1582 qnae
215 1516 253 1568 ad
263 1514 406 1568 universos
416 1532 543 1583 quaeque
556 1516 594 1568 ad
607 1532 664 1567 rem
673 1514 816 1583 publicam
825 1514 974 1583 pertinent,

130 1595 334 1664 disputandum
348 1602 396 1649 est.
433 1598 538 1648 Eorum
553 1602 647 1648 autem
662 1596 785 1665 ipsorum
798 1596 900 1664 partim
916 1596 976 1649 cius

130 1675 209 1727 modi
227 1681 299 1743 sunt,
316 1681 348 1728 ut
366 1676 403 1728 ad
423 1676 567 1728 universos
587 1676 662 1729 cives
680 1676 848 1745 pertineant,
862 1677 975 1745 partim,

130 1755 257 1824 singulos
269 1762 302 1807 nt
311 1755 462 1824 attingant,
471 1772 542 1823 quae
555 1760 621 1808 suut
634 1756 719 1809 etiam
732 1756 862 1825 gratiora.
899 1758 976 1810 Dan-

131 1836 169 1889 da
182 1851 268 1904 opera
282 1840 326 1887 est
338 1835 460 1902 omnino,
471 1835 494 1888 si
509 1835 608 1904 possit,
618 1836 752 1904 utrisque,
764 1853 816 1890 nec
830 1837 930 1905 minus,
943 1843 977 1891 ut

130 1916 216 1969 etiam
231 1915 351 1985 singulis
365 1917 534 1983 consulatur,
548 1917 598 1969 sed
614 1916 663 1981 ita,
674 1921 707 1968 ut
721 1933 753 1969 ea
768 1933 811 1969 res
826 1924 874 1970 ant
886 1918 977 1987 prosit

130 2000 181 2049 aut
192 2001 268 2049 certe
283 2012 318 2048 ne
333 1996 408 2049 obsit
422 1996 612 2065 reipublicae.
651 1998 680 2049 O.
692 1996 812 2050 Gracchi
826 1996 977 2050 frumenta-

130 2076 173 2129 ria
185 2092 288 2146 magna
300 2075 427 2145 largitio:
447 2076 632 2129 exhauriebat
644 2076 733 2145 igitur
747 2077 898 2130 aerarium:
918 2094 977 2131 mo-

131 2156 196 2209 dica
210 2158 247 2211 Μ.
259 2157 372 2210 Octavii
386 2162 415 2209 et
428 2156 469 2209 rei
483 2157 614 2226 publicae
629 2157 782 2210 tolerabilis
797 2162 826 2209 et
838 2158 915 2226 plebi
930 2175 977 2211 ne-

130 2237 263 2290 cessaria‘:
283 2254 350 2306 ergo
366 2241 394 2289 et
409 2237 519 2290 civibus
533 2241 562 2289 et
576 2237 616 2290 rei
631 2237 760 2305 publicae
776 2238 911 2293 salutaris.
933 2240 975 2293 73.

131 2318 165 2370 In
180 2318 278 2387 primis
296 2325 389 2371 autem
404 2317 560 2370 videndum
580 2318 632 2370 erit
649 2318 683 2385 ei,
697 2319 746 2385 qui
761 2335 818 2371 rem
833 2319 977 2388 publicam

131 2397 348 2464 administrabit,
359 2402 391 2449 ut
405 2414 486 2451 suum
498 2398 619 2466 quisque
634 2404 728 2452 teneat
743 2415 832 2468 neque
847 2400 977 2454 debonis

131 2478 306 2546 privatorum
324 2476 437 2546 publice
456 2477 614 2530 deminutio
628 2478 684 2531 fiat.
722 2479 880 2532 Perniciose
900 2480 977 2533 eninr

131 2558 282 2628 Philippus
303 2559 334 2609 in
354 2557 509 2622 tribunatu,
528 2574 593 2610 cum
614 2560 705 2628 legem
726 2558 861 2628 agrariam
883 2559 976 2627 ferret,

131 2656 216 2707 quam
231 2648 324 2691 tamen
340 2637 481 2705 antiquari
496 2638 580 2691 facile
595 2655 691 2709 passus
706 2646 748 2693 est
762 2640 833 2692 etin
849 2656 883 2693 eo
895 2641 976 2694 veho-

131 2727 238 2772 menter
257 2735 287 2771 se
307 2719 484 2771 moderatum
504 2719 641 2787 praebuit,
661 2719 710 2772 sed
730 2735 794 2772 cum
815 2720 845 2771 in
865 2720 977 2788 agendo

131 2802 220 2853 multa
234 2799 408 2870 populariter
422 2804 484 2852 tum
502 2800 576 2853 illud
591 2802 670 2869 male,
685 2803 766 2853 “non
785 2817 843 2854 esse
861 2801 890 2853 in
910 2800 977 2853 civi-

131 2885 189 2933 tate
204 2882 261 2933 duo
277 2879 355 2932 milia
370 2879 517 2933 hominum
532 2880 582 2948 qui
596 2897 654 2934 rem
666 2880 827 2936 haberent.''
865 2880 977 2951 Capita·

132 2961 167 3013 lis
181 2961 271 3013 oratio
286 2967 336 3026 est,
347 2959 385 3013 ad
397 2961 594 3027 aequationem
612 2962 746 3014 bonorum
758 2962 910 3031 pertinens,
921 2978 977 3031 qun

132 3045 211 3107 peste
223 3057 295 3108 quae
306 3046 401 3109 potest
413 3056 472 3093 esse
484 3040 593 3093 maiori
630 3042 710 3093 Hanc
725 3042 800 3093 enim
813 3043 851 3095 ob
865 3058 978 3096 causam
1078 3077 1083 3086 -

132 3119 261 3185 maxime,
277 3126 310 3172 ut
329 3136 379 3173 sua
399 3126 568 3187 tenerentur,
583 3136 626 3172 res
645 3120 773 3189 publicae
794 3122 978 3193 civitatesque
