2242 3542
127 174 174 221 162
438 173 487 221 Du
505 172 660 223 orn'lclls

125 273 295 325 quamquam
313 262 408 325 potest
422 256 453 309 id
469 256 593 323 quidem.
631 257 686 309 Sed
703 274 813 325 quaero,
828 259 904 326 quod
924 274 968 311 ne·

124 342 194 407 gant
208 353 300 407 posse,
308 337 339 389 id
355 336 379 389 si
394 343 495 406 posset,
507 337 644 404 quidnam
659 336 804 391 facerent?
841 339 971 407 Urguent

124 418 226 471 rustice
246 435 321 471 sane.
357 420 471 487 Negant
488 418 562 469 eninr
583 436 664 487 posse
687 425 714 471 et
732 420 762 471 in
782 436 815 471 eo
832 426 972 489 perstant,

124 500 178 551 hoc
191 500 308 551 verbum
320 499 390 566 quid
400 500 493 552 valeat
506 516 564 551 non
573 500 682 553 vident.
718 501 789 553 Cum
802 501 877 553 enim
886 518 971 570 quac-

123 579 218 647 riuruS,
232 579 255 631 si
270 580 380 648 possint
395 581 492 645 celare,
506 580 578 646 quid
593 579 694 632 facturi
713 580 778 648 siut,
789 597 847 633 non
862 583 970 650 quaeri-

123 677 185 714 ruus
197 660 341 730 possintne
354 661 451 727 celare,
459 662 510 712 sed
519 667 663 729 tamquam
677 667 817 716 tormenta
829 664 971 731 quaedam

123 742 298 809 adhibemus,
313 747 354 809 ut,
369 741 393 793 si
410 742 612 811 responderint
632 759 660 795 se
681 736 848 813 impunitate
867 762 971 815 propo-
1021 734 1022 737 ¹

122 822 177 875 sita
188 822 314 875 facturos
324 824 403 891 quod
416 823 558 892 expediat,
566 823 740 878 facinorosos
750 843 778 879 se
792 842 850 879 esse
863 826 971 879 fatean-

122 910 186 958 tur:
204 904 228 957 si
240 911 353 974 negent,
363 904 457 957 omnia
469 905 564 973 turpia
576 922 627 974 per·
640 923 669 959 se
684 907 746 975 ipsa
758 907 893 976 fugienda
908 924 970 962 csse

122 986 285 1041 concedant.
323 988 380 1039 Sed
392 987 448 1039 iam
461 988 497 1039 ad
511 989 688 1057 propositum
704 993 879 1043 revertamur.

44 1136 47 1140 ὴ
157 1067 191 1120 K
228 1068 271 1120 40.
291 1068 427 1120 Incidunt
440 1070 543 1121 multae
557 1086 639 1139 saepo
655 1085 843 1137 causae,quae
856 1074 970 1122 contur-

121 1148 189 1200 bent
199 1149 307 1201 animos
318 1150 451 1202 utilitatis
464 1150 565 1218 specie,
574 1168 639 1217 non,
648 1167 712 1203 curn
725 1152 779 1203 lroc
789 1151 969 1217 deliberetur,

122 1228 340 1296 relinquendane
354 1230 397 1283 sit.
407 1230 539 1284 honestas
550 1238 667 1301 propter
682 1231 814 1285 utilitatis
826 1232 968 1301 magnitu-

122 1310 319 1363 dinem-nam
332 1310 363 1362 id
373 1311 489 1379 quidem
500 1312 659 1381 improbum
673 1312 800 1365 cst—sed
813 1312 894 1377 illud,
902 1328 966 1380 pos-

121 1390 194 1443 sitne
208 1391 247 1457 id,
258 1393 337 1459 quod
352 1392 422 1445 utile
437 1393 574 1461 videatur,
584 1394 643 1446 fieri
658 1410 714 1446 non
729 1393 858 1462 turpiter.
895 1395 967 1447 Cum

122 1473 261 1525 Collatino
274 1476 400 1543 collegae
410 1476 513 1527 Brutus
522 1474 670 1543 imperium
684 1475 846 1543 abrogabat,
855 1480 968 1543 poterat

121 1552 211 1605 videri
223 1553 313 1607 facere
327 1556 359 1607 id
371 1555 489 1608 iniuste:
509 1555 600 1608 fuerat
613 1554 687 1607 enirn
702 1556 732 1607 iu
745 1555 859 1624 regibus
872 1557 966 1625 expel-

19 1665 25 1676 ·
122 1634 214 1686 lendis
227 1635 319 1687 socius
333 1636 414 1688 Bruti
430 1636 611 1689 consiliorum
627 1636 793 1689 etodiutor.
829 1637 899 1688 Cum
918 1653 967 1689 au·

122 1725 177 1767 tem
200 1713 351 1769 consilium'
368 1718 422 1769 hoc
442 1718 584 1786 principes
606 1717 753 1785 cepissent,
768 1717 966 1785 cognationem

121 1797 241 1866 Superbi
255 1814 413 1866 nomenque
430 1798 646 1866 'larquiniorum
665 1804 693 1849 ct
709 1797 870 1851 memoriam
885 1798 966 1867 regni

120 1894 179 1931 esse
197 1879 361 1945 tollendam,
378 1879 454 1947 quod
473 1885 532 1931 crat
550 1880 628 1944 utile,
644 1878 751 1947 patriae
770 1880 920 1943 consulere,
933 1879 966 1933 id

120 1966 180 2012 crat
194 1960 235 2013 ita
249 1960 407 2026 honestum,
420 1966 453 2012 ut
468 1960 553 2013 etiam
569 1960 624 2029 ipsi
639 1960 779 2012 Collatino
794 1961 903 2029 placere
918 1960 967 2012 de-

121 2040 205 2095 beret.
242 2042 341 2109 ltaquc
357 2041 465 2093 utilitas
477 2041 568 2093 valuit
580 2046 698 2109 propter
710 2040 894 2108 honestatem,
905 2040 968 2095 sine

121 2138 177 2190 qua
191 2139 226 2175 ne
240 2123 351 2175 utilitas
361 2122 476 2190 quidem
491 2138 549 2175 esse
563 2122 707 2191 potuisset.
744 2121 783 2173 At
798 2120 827 2173 in
843 2138 875 2173 eo
890 2138 967 2191 rege,

121 2203 170 2269 qui
185 2204 282 2256 arbem
298 2204 436 2270 condidit,
446 2220 503 2256 non
518 2203 595 2256 item.
631 2204 673 2255 41.
695 2202 809 2270 Species
822 2202 897 2254 enim
911 2202 967 2254 uti-

105 2319 107 2323 *
121 2284 209 2335 litatis
223 2284 347 2336 animum
360 2284 471 2353 pepulit
486 2284 560 2337 eius:
580 2283 625 2335 cui
642 2299 706 2335 cnm
720 2282 810 2335 visam
825 2288 897 2335 essct
911 2283 967 2335 uti-

122 2363 178 2415 lius
188 2366 277 2415 solum
289 2381 372 2432 quarn
385 2381 448 2417 cum
462 2366 549 2417 altero
559 2362 803 2432 regnare,ir'atr·cm
815 2362 966 2420 interemit.

122 2444 222 2496 (inrisit
238 2446 287 2497 lrie
304 2452 332 2496 et
351 2446 485 2513 pietatem
506 2456 535 2497 ct
554 2445 768 2511 humanitatem,
784 2450 816 2497 nt
834 2444 874 2511 id,
888 2445 966 2512 quod

121 2527 190 2579 utile
209 2526 358 2579 uidebatur
376 2542 467 2592 neque
486 2531 554 2591 erat,
570 2526 686 2592 adsequi
707 2531 808 2593 posset,
824 2531 853 2577 et
871 2532 965 2577 tamen

121 2608 192 2660 muri
208 2623 321 2660 causam
337 2606 477 2675 opposuit,
488 2606 610 2675 speciem
626 2605 784 2658 honestatis
799 2622 852 2657 nec
865 2605 965 2674 proba-

122 2689 207 2742 bilem
226 2704 279 2740 nec
301 2704 367 2739 sane
388 2688 529 2740 idoneam.
566 2687 699 2741 Peccavit
718 2686 817 2755 igitur,
830 2702 898 2755 pace
919 2687 964 2738 vel

122 2769 233 2836 Quirini
248 2770 292 2821 vel
308 2768 421 2821 Romuli
436 2768 565 2822 dixerim.
601 2769 646 2823 42.
665 2769 726 2821 Nec
740 2774 834 2819 tamen
853 2773 967 2821 nostrae

121 2850 203 2901 nobis
224 2848 360 2901 utilitates
384 2848 557 2903 omittendae
579 2855 644 2905 sunt
664 2848 782 2917 aliisque
801 2849 966 2913 tradendae,

121 2945 186 2981 cnm
203 2929 240 2981 iis
253 2928 308 2997 ipsi
324 2945 463 2997 egeamus,
476 2931 527 2982 sed
542 2945 610 2981 suae
627 2927 727 2995 cuique
748 2928 873 2993 utilitati,
887 2929 965 2996 quod

121 3007 181 3063 siue
196 3008 311 3060 alterius
324 3008 428 3060 iniuria
440 3009 498 3074 fiat,
511 3009 688 3061 serviendum
704 3016 755 3061 est.
793 3008 867 3061 Scite
880 3010 966 3075 Chry-

121 3087 226 3158 sippus,
237 3094 269 3140 ut
281 3090 385 3142 multa:
406 3094 421 3117 “
431 3089 485 3155 Qui
501 3090 624 3141 stadium
635 3091 649 3115 ’³
661 3088 753 3154 inquit
768 3088 880 3141 “currit
895 3088 964 3141 eniti

121 3172 149 3217 at
167 3168 336 3221 contendere
355 3170 440 3222 debet
458 3186 542 3237 quam
562 3168 683 3221 maxime
702 3167 791 3239 possit
810 3174 841 3224 ut
861 3169 966 3231 vincat.
