2242 3542
59 488 182 582 'ten
167 451 966 606 tsutmfffflilffiffiQm
951 471 1099 636 -Q-

55 554 95 586 R
164 628 335 702 nannius
358 629 447 700 sim
470 627 522 700 nn
545 627 733 699 ιιιιιιιιι
754 625 976 700 ancones.-
960 629 1092 706 aa
1107 592 1112 606 ’

729 705 962 796 metm
950 704 1112 836 Μ’ἑὸ.

196 965 219 1017 Ι.
256 970 278 1017 1.
315 963 465 1028 Q.Mucius
480 980 568 1030 augur
583 963 670 1014 multu
685 975 796 1012 narrare
805 956 883 1009 <nc
897 954 990 1008 Laelio

142 1056 236 1093 socero
255 1055 304 1092 suo
323 1039 482 1092 memoriter
498 1043 527 1091 et
538 1036 662 1105 jucunde
676 1034 781 1087 solebat
799 1050 849 1086 nee
864 1031 991 1085 dubitare

141 1116 258 1169 illumin
271 1115 343 1168 omni
357 1131 480 1168 sermone
492 1115 629 1183 appellare
642 1111 799 1180 sapientem.
829 1109 886 1177 Ego
899 1115 991 1164 autem

141 1209 158 1245 a
174 1195 254 1260 patre
269 1191 308 1245 ita
326 1208 400 1244 eram
413 1191 516 1245 deduct
505 1197 549 1244 tus
566 1189 603 1243 ad
619 1187 774 1242 Scaevolam
793 1191 902 1255 sumpta
920 1187 991 1240 virili

141 1273 213 1337 toga,
225 1272 256 1321 ut
269 1267 359 1337 quoad
372 1285 479 1336 possein
493 1273 522 1321 et
534 1268 629 1320 liceret
641 1283 658 1318 a
670 1265 742 1318 senis
754 1263 841 1318 latere
853 1282 991 1334 nunquam

142 1344 319 1398 discederem.
358 1345 457 1412 Itaque
474 1342 613 1398 multaab
630 1361 662 1396 eo
679 1342 831 1411 prudenter
843 1343 991 1411 disputata,

142 1422 228 1475 multa
252 1422 334 1474 etiarn
359 1420 478 1474 breviter
488 1425 517 1473 et
529 1420 671 1473 commode
682 1421 756 1473 dieta
765 1421 911 1472 memoriae
920 1438 992 1472 man-

143 1498 248 1561 dabam,
260 1498 376 1566 fierique
391 1497 536 1551 studebam
550 1497 611 1564 ejus
623 1497 771 1565 prudentia
783 1497 895 1550 dectior.
932 1498 992 1561 Quo

460 830 653 840 ..σῇ-«-

143 1578 250 1627 mortuo
263 1575 352 1628 mend
363 1575 520 1643 pontificem
532 1574 688 1627 Scaevolam
698 1574 809 1629 contuli,
818 1591 899 1642 quem
909 1591 991 1627 unum

143 1654 252 1704 nostrae
264 1651 382 1704 civitatis
395 1656 423 1706 et
437 1647 546 1719 ingenio
564 1656 593 1705 et
603 1651 715 1719 justitia
729 1651 991 1720 praestantissimum

143 1729 231 1781 audeo
246 1726 344 1782 dicere.
382 1729 437 1782 Sed
454 1728 489 1782 de
505 1729 556 1782 hoe
573 1729 651 1781 alias:
670 1746 741 1782 nunc
756 1729 840 1782 redeo
856 1729 893 1780 ad
908 1745 992 1795 augu-

144 1821 208 1858 rem.
241 1809 262 1856 2.
284 1804 373 1868 Quum
387 1823 467 1874 saepe
481 1806 575 1869 muita,
589 1809 648 1858 tum
661 1797 771 1857 memini
785 1805 858 1857 domi
870 1805 898 1856 in
910 1804 993 1858 hemi-

144 1881 225 1949 cyclio
245 1881 393 1947 sedentem,
410 1886 441 1934 nt
457 1881 569 1948 solebat,
583 1899 667 1949 quum
682 1885 711 1934 et
726 1898 777 1948 ego
794 1898 881 1934 essem
896 1898 950 1933 una
965 1885 993 1934 et

144 1958 221 2026 pauci
240 1958 386 2011 admodum
403 1958 560 2022 familiares,
573 1958 601 2010 in
619 1974 681 2010 eum
698 1974 850 2010 sermonem
867 1957 943 2009 illum
956 1957 994 2008 in-

144 2034 235 2087 cidere
252 2034 298 2102 qui
317 2038 375 2086 tum
393 2035 450 2086 fere
467 2033 616 2102 [omnibus]
632 2038 693 2086 erat
709 2035 736 2086 in
753 2051 807 2086 ore.
843 2033 993 2086 Meministi

144 2111 216 2163 enim
228 2110 357 2177 profecto,
373 2110 472 2173 Attice,
486 2114 514 2161 et
527 2126 559 2162 eo
572 2109 659 2175 magis
671 2109 745 2176 quod
761 2110 791 2162 P.
805 2109 922 2176 Sulpicio
937 2113 994 2162 ute-
1072 2125 1075 2130 ·

144 2187 211 2238 bare
229 2185 351 2248 multum,
370 2201 453 2252 quum
473 2185 496 2236 is
516 2185 645 2238 tribunus
664 2184 753 2252 plebis
772 2185 880 2252 capitali
900 2185 963 2237 odio
979 2203 995 2238 a

145 2263 176 2328 Q.
199 2261 328 2330 Pompeio
350 2262 396 2328 qui
418 2265 477 2314 tum
502 2265 562 2315 erat
587 2262 678 2314 consul
703 2261 858 2329 dissideret,
879 2278 994 2329 quocum

144 2338 364 2407 conjunctissime
389 2343 418 2393 et
445 2339 630 2392 amantissime
654 2339 768 2403 vixerat,
795 2342 898 2407 quanta
922 2343 995 2392 essct

143 2417 282 2470 hominum
303 2415 346 2468 vel
371 2415 516 2469 admiratio
538 2415 581 2469 vel
603 2415 721 2483 querela
766 2422 788 2469 3.
817 2415 914 2484 ltaque
936 2421 994 2468 tuin

145 2493 280 2560 Scaevola,
293 2510 376 2562 quum
391 2494 419 2546 in
433 2509 493 2546 eam
505 2493 594 2562 ipsam
609 2492 775 2546 mentionem
791 2491 938 2555 incidisset,
951 2508 995 2544 ex-

144 2570 235 2638 posuit
253 2570 331 2624 nobis
351 2587 502 2624 sermonem
524 2570 611 2623 Laelii
631 2569 666 2622 de
685 2571 804 2622 amicitia
820 2568 943 2622 habitum
960 2570 995 2621 ab

144 2647 190 2700 illo
207 2663 298 2700 secum
311 2652 413 2701 etcum
430 2648 516 2700 altero
532 2663 634 2714 genere
648 2646 676 2699 0.
691 2646 794 2698 Fannio
810 2646 847 2698 M.
861 2646 891 2698 F.
903 2647 995 2713 paucis

145 2723 241 2777 diebus
260 2727 455 2792 postmortem
475 2724 605 2786 Africani.
644 2723 711 2791 Ejus
728 2724 921 2792 disputationis
938 2739 996 2776 sen-

145 2802 246 2853 tentias
260 2803 406 2856 memorias
422 2801 557 2865 mandavi,
573 2819 641 2869 quas
656 2801 707 2854 hoe
719 2800 789 2854 libre
802 2800 914 2869 exposui
927 2799 997 2852 arbi-

146 2881 220 2934 tratu
237 2894 313 2942 meo;
337 2880 414 2947 quasi
431 2879 501 2932 enim
520 2881 594 2946 ipsos
610 2878 706 2930 induxi
724 2878 872 2944 loquentes,
889 2893 924 2928 ne
945 2876 996 2927 ‘in-

145 2955 236 3023 quam’
250 2959 279 3007 et
292 2956 404 3024 ‘inquit'
420 2955 528 3023 saepius
544 2956 773 3023 interponeretur,
785 2958 869 3021 atque
884 2957 916 3006 ut
929 2956 996 3005 tam-

146 3047 226 3098 quam
251 3047 267 3084 a
291 3033 478 3099 praesentibus
503 3048 593 3084 eoram
617 3030 713 3093 haberi
737 3047 826 3084 sermo
850 3029 996 3081 videretur.

148 3108 237 3172 Quum
254 3107 327 3160 enim
343 3102 422 3176 saepe
437 3125 543 3161 meeum
559 3124 655 3174 ageres
669 3111 701 3160 ut
713 3108 748 3159 de
763 3104 883 3158 amicitia
899 3103 996 3157 scribe-
1071 3169 1075 3176 Ι

148 3183 332 3252 romatinum,
352 3184 434 3252 digna
453 3185 519 3238 mihi
541 3200 586 3237 res
604 3200 688 3251 quum
707 3183 825 3235 omnium
845 3181 998 3248 cognitione
