2242 3542
328 169 416 218 CATO
435 169 567 220 MAJOR.
606 171 683 220 cAP.
703 172 738 219 X.
758 171 807 219 XI.
960 174 988 219 11

10 253 35 320 j
140 251 264 315 eonsule3
283 249 331 304 sed
343 253 442 317 tamen,
461 253 493 304 ut
511 267 559 304 ves
576 252 684 319 videtis,
701 267 755 304 nen
766 251 847 319 plane
859 268 903 305 me
914 267 990 305 ener-

64 367 68 372 .
142 328 215 380 savit
237 343 286 380 nee
301 327 398 380 afflixit
414 331 555 394 senectus3
574 345 627 399 nen
645 329 721 381 curia
738 328 811 380 vires
829 345 903 381 meas
922 328 991 381 desi-

141 405 227 457 derat.
239 421 293 457 non
306 409 402 470 rostra,
421 421 474 457 non
493 405 579 471 amici,
596 423 650 458 non
662 405 784 470 clientes,
795 421 849 458 non
861 405 991 474 hospites.

144 481 200 532 Nec
218 481 290 532 enim
309 497 429 548 unquam
447 498 506 534 snm
525 498 651 534 assensus
665 481 752 534 veteri
768 481 808 533 illi
825 480 991 550 laudatoque
1058 515 1062 523 ·

142 557 285 624 proverbio
298 556 373 625 quod
384 561 485 624 menet,
503 561 610 610 mature
626 559 686 610 fieri
705 573 804 618 senem,
823 558 846 609 si
862 557 913 610 'diu
923 557 991 610 velis

34 631 35 634 ’
141 649 202 685 esse
215 649 303 686 senex.
340 633 398 700 Ego
410 649 474 686 vere
487 649 531 685 mc
543 633 633 686 minus
645 633 693 686 diu
706 650 798 686 senem
810 650 870 686 esse
882 633 990 686 mallem

140 725 224 777 quam
247 725 307 762 esse
333 725 425 762 senem
450 713 514 761 ante
539 726 622 778 quam
647 726 743 762 essem.
789 709 888 776 ltaque
912 725 991 761 neme
1028 733 1032 740 ⁴

68 825 79 862 ,Ι
141 785 230 838 adhuc
248 785 392 838 convenire
411 802 455 838 me
474 785 559 838 voluit
579 785 623 838 cui
642 785 741 838 fuerim
761 788 915 852 occupatus.
952 791 1004 843 33..

59 916 74 928 ,,
143 862 184 914 At
195 861 285 914 minus
297 861 386 914 habeo
398 861 496 913 virium
509 877 591 928 quam
602 865 725 915 vestrum
739 862 851 914 utervis
889 861 932 913 Ne
944 877 992 913 vos

81 954 83 959 ’
141 936 253 1005 quidem
266 937 295 989 Τ.
309 936 400 989 Pontii
412 937 579 989 centurionis
591 938 664 990 vires
675 936 794 990 habetis:
813 953 878 990 num
890 937 992 990 ideireo

85 1021 87 1026 '
142 1013 450 1080 estillepraestantierl
489 1013 643 1066 Moderatio
656 1013 737 1065 medo
750 1013 848 1066 virium
868 1012 950 1080 adsit,
962 1017 991 1065 et

142 1092 249 1142 tantum
275 1093 406 1156 quantum
426 1093 519 1158 petest
539 1090 655 1157 quisque
676 1090 795 1154 nitatur3
815 1107 851 1142 ne
868 1088 914 1142 ille
938 1105 991 1141 non

142 1182 241 1232 magne
261 1165 397 1218 desiderio
416 1164 558 1218 tenebitur
575 1165 682 1219 virium.
721 1164 864 1233 Olympiae
875 1183 925 1234 per
937 1168 992 1218 sta-

57 1288 60 1293 .
139 1241 218 1294 dium
236 1242 373 1310 ingressus
393 1259 451 1296 esse
471 1241 537 1293 Milo
556 1241 664 1307 dicitnr,
680 1259 763 1310 quum
778 1241 898 1294 humeris
912 1241 991 1294 susti-

142 1322 221 1372 neret
233 1318 329 1371 berem
342 1319 439 1372 vivum.
479 1317 580 1370 Utrum
600 1318 683 1385 igitur
699 1317 748 1370 has
758 1319 881 1385 corperis
893 1333 927 1370 an
941 1317 991 1386 Py-

38 1408 41 1412 ·
142 1395 273 1462 thagorae
296 1395 348 1447 tibi
368 1395 446 1448 malis
466 1395 537 1447 vires
558 1395 659 1461 ingenii
681 1394 758 1447 darii
794 1393 920 1462 Denique
938 1394 991 1447 isto

96 1499 98 1504 ·
142 1470 212 1522 bono
230 1475 309 1524 utare
328 1471 393 1524 dum
412 1471 498 1536 adsit3
520 1487 603 1539 quum
627 1470 699 1522 absit
718 1486 753 1522 ne
775 1469 915 1538 requiras;
939 1469 991 1522 nisi

88 1565 101 1607 χ
141 1547 212 1600 lerte
232 1547 418 1602 adolescentes
437 1548 592 1616 pueritiam,
610 1547 731 1619 paullum
747 1549 838 1599 aetate
855 1547 990 1614 progressi

140 1622 352 1677 adolescentiam
366 1624 469 1677 debent
482 1624 631 1690 requirere.
650 1622 753 1675 Cursus
763 1627 806 1675 est
814 1626 906 1676 certus
917 1625 991 1676 aeta-

142 1697 178 1751 tis
197 1703 226 1752 et
245 1717 299 1753 una
320 1701 363 1753 via
382 1705 496 1754 naturae
516 1716 603 1766 eaque
624 1699 748 1767 simplex,
769 1715 874 1765 suaque
892 1698 990 1766 cuique

141 1775 214 1842 parti
238 1776 337 1830 aetatis
360 1776 561 1846 tempestivitas
585 1780 629 1828 est
650 1775 722 1841 data,
746 1779 778 1827 ut
799 1779 828 1826 ot
846 1774 990 1827 infirmitas

58 1859 61 1866 “
141 1867 294 1918 puerorum,
317 1857 345 1906 et
366 1853 493 1905 ferocitas
507 1852 647 1920 juvenum,
670 1855 699 1904 et
715 1851 836 1918 gravitas
853 1849 912 1918 jam
929 1866 991 1903 cen-

141 1929 240 1980 stnutis
261 1929 367 1996 aetatis,
385 1933 414 1982 ct
431 1929 582 1982 senectutis
602 1928 747 1980 maturitas
767 1927 891 1979 naturale
913 1926 990 1994 quid-

140 2002 204 2056 dam
216 2004 317 2058 habeat
329 2006 403 2073 qued
416 2023 464 2058 sue
477 2009 601 2073 tempore
613 2004 717 2073 percipi
729 2003 837 2057 debent
873 2010 914 2057 34.
934 2004 991 2056 An-

58 2097 60 2104 ·
141 2079 202 2132 dire
221 2084 251 2132 te
270 2080 396 2149 arbitror,
416 2082 515 2148 Scipio,
537 2081 636 2149 hospes
657 2083 721 2132 tuus
740 2080 828 2133 avitus
848 2079 990 2133 Masinissa

140 2171 213 2223 quae
225 2157 307 2209 faeiat
320 2157 402 2210 hodie
419 2158 569 2224 nonaginta
584 2161 665 2209 natus
677 2173 762 2209 annes
769 2177 776 2222 ;
794 2173 878 2224 quum
890 2157 990 2224 ingres

141 2247 188 2282 sus
201 2233 254 2284 iter
265 2231 381 2300 pedibus
397 2233 441 2300 sit,
459 2233 488 2284 in
503 2249 603 2300 equum
621 2233 730 2284 omnino
742 2248 795 2284 nen
809 2233 991 2295 adscendere3

140 2322 226 2374 quum
251 2324 328 2376 eque,
353 2326 386 2362 ex
411 2325 482 2378 eque
506 2326 559 2362 nen
584 2309 750 2362 descendere
757 2331 764 2375 ;
792 2309 867 2362 nulle
894 2309 990 2375 imbre,
1026 2309 1029 2314 '

141 2381 215 2435 nullo
226 2382 328 2450 frigere
340 2385 439 2438 adduci
455 2389 487 2439 ut
503 2385 593 2454 capite
606 2388 701 2453 operte
711 2386 763 2450 sit3
780 2402 914 2438 summam
932 2402 991 2439 esse

139 2458 170 2510 in
189 2475 221 2511 eo
241 2460 362 2528 corperis
380 2461 545 2527 siceitatem3
567 2462 660 2530 itaquo
679 2462 769 2514 omnia
788 2462 900 2529 exsequi
919 2463 991 2530 regis

140 2533 229 2587 officia
247 2539 276 2588 et
295 2551 414 2590 nrrrnera.
452 2538 547 2590 Potest
565 2537 649 2604 igitur
667 2538 829 2590 exercitatio
845 2540 874 2590 et
886 2541 988 2606 tempe-

71 2632 74 2640 ,
142 2609 231 2737 ruptio
249 2611 332 2663 ctiam
353 2612 381 2664 in
404 2616 545 2666 senectute
569 2629 729 2666 conservare
753 2612 858 2680 aliquid
881 2614 988 2681 pristini

141 2701 173 2736 re
209 2703 254 2738 m.

194 2761 245 2814 ΧΙ.
284 2765 345 2816 Non
362 2768 427 2817 sunt
444 2765 472 2817 in
492 2767 633 2819 senectute
645 2765 725 2818 vires.
763 2763 806 2818 lle
817 2765 992 2834 postulantur

141 2837 253 2904 quidem
265 2841 336 2893 vires
348 2857 365 2893 a
376 2843 524 2894 senectute.
561 2841 634 2908 Ergo
653 2843 682 2894 et
699 2841 805 2909 legibus
817 2844 846 2894 et
857 2841 991 2894 institutis

142 2917 221 2966 vacat
233 2917 309 2968 aetas
321 2920 415 2969 nostra
428 2915 588 2970 muneribus
604 2917 638 2969 iis
657 2934 726 2986 quac
741 2934 794 2969 non
806 2919 921 2985 pessunt
933 2916 991 2969 sine

141 2987 246 3042 viribus
264 2992 402 3046 sustineri.
439 2992 538 3060 ltaque
559 3009 612 3046 nen
633 2992 715 3045 modo
734 2993 808 3060 quod
826 3009 879 3044 nen
898 3006 991 3060 pessu-

142 3080 209 3132 mus,
218 3066 268 3119 sed
278 3083 311 3120 ne
324 3072 457 3135 quantum
466 3083 609 3136 possumus
622 3068 732 3135 quidem
745 3069 872 3136 cogimur.
896 3073 937 3120 35.
952 3071 991 3122 At

141 3139 181 3193 ita
193 3142 271 3196 multi
285 3147 349 3197 sunt
363 3144 491 3198 imbecilli
503 3161 584 3197 senes
601 3147 634 3196 ut
651 3144 755 3196 nullum
774 3143 853 3197 efficii
869 3147 919 3197 aut
936 3161 990 3197 em-

141 3216 207 3270 nine
224 3219 296 3274 ritae
308 3237 407 3274 rnunus
424 3219 534 3290 exsequi
552 3219 665 3290 possint
701 3219 743 3274 At
759 3219 789 3272 id
807 3218 919 3288 quidem
937 3236 990 3274 nen
