2242 3542
152 159 182 206 22
379 157 416 206 M.
435 156 564 206 TULLII
583 157 775 205 CICERONIS

120 276 126 345 ί
150 237 243 291 ruisse.
281 243 323 292 65.
350 240 390 291 At
405 242 468 291 sunt
483 238 583 308 morosi
600 242 629 291 et
641 239 715 291 anxii
731 242 760 291 et
774 238 897 292 iracundi
909 243 939 292 et
951 238 1003 291 dif-

138 313 233 366 'ficiles
247 331 333 368 senes.
370 313 399 367 Si
414 315 578 382 quaerimus,
594 314 677 367 etiam
692 314 780 368 avari:
797 313 847 367 sod
863 314 931 368 haec
946 332 1001 368 mo

149 405 209 441 rum
223 389 291 442 vitia
308 393 372 442 sunt
385 406 438 442 non
454 391 609 444 senectutis.
633 384 691 443 'Ac
705 390 850 443 morositas
864 395 956 444 tamen
975 398 1002 446 et

146 460 181 518 'ca
192 465 258 519 vitia
270 482 341 533 quac
354 464 412 518 dixi
423 465 527 519 habent
543 465 648 533 aliquid
661 467 851 534 excusationis,
864 484 919 519 non
931 468 1005 522 illius

149 544 260 611 quidem
274 542 367 610 justae
386 542 435 596 sed
454 557 525 610 quae
550 541 660 608 probari
680 558 759 609 posse
779 543 918 597 videatur:
942 561 1005 598 con-

148 619 233 672 temni
246 637 275 672 se
287 623 393 687 putant,
405 618 515 686 despici,
527 617 621 671 illudi:
641 623 786 687 praeterea
800 619 828 671 in
843 620 932 688 fragili
945 638 999 674 cor·

147 711 213 763 pore
225 696 318 749 odiosa
330 696 417 748 omnis
429 695 541 747 offensio
553 699 603 748 est
646 695 722 760 Quae
735 699 829 749 tamen
841 697 932 749 onmia
944 698 1004 751 dul-

147 772 220 826 ciora
238 773 307 825 fiunt
323 775 352 825 et
372 771 492 824 moribus
513 770 591 823 bonis
606 775 636 825 et
655 771 870 844 artibus;idque
882 789 966 844 quum
975 775 1002 827 in

147 848 203 903 vita
217 852 276 902 tum
290 848 319 901 in
334 864 415 901 scena
428 846 543 914 intelligi
559 851 651 916 potest
666 847 747 900 exiis
763 847 894 901 fratribus
911 851 957 917 qui
973 851 1002 903 in

148 925 281 995 Adelphis
300 930 369 980 sunt.
408 923 560 989 Quantam
578 924 665 977 altero
680 923 793 990 duritas,
813 925 841 976 in
857 925 943 978 altero
957 943 1002 979 co

146 1003 240 1056 milas!
279 1003 323 1056 Sic
338 1020 367 1056 se
379 1019 423 1056 res
435 999 534 1066 habet3
552 1003 585 1053 ut
600 1001 672 1054 enim
686 1015 741 1052 non
756 1017 836 1053 omne
848 1002 947 1068 vinum,
962 1005 1001 1056 sic

145 1095 199 1132 non
219 1080 306 1131 omnis
330 1083 405 1132 aetas
424 1080 562 1131 vetustate
585 1077 726 1130 coacescit.
765 1076 945 1148 Severitatem
972 1080 999 1132 in

83 1144 100 1203 d
146 1158 286 1207 senectute
305 1154 397 1223 probo,
417 1153 467 1207 sed
486 1169 546 1205 eam
559 1153 636 1212 ¹sicut
654 1153 708 1206 alia
726 1153 877 1217 modimm3
898 1155 1000 1225 acerbi-

145 1229 421 1298 tatemiullomodp.
459 1229 587 1282 Avaritia
598 1230 663 1281 vero
678 1228 769 1281 senilis
782 1229 849 1296 quid
866 1229 917 1282 sibi
933 1231 998 1285 velit

146 1322 198 1358 non
216 1306 345 1374 intelligo.
389 1306 485 1359 Potest
509 1306 582 1358 enim
602 1305 751 1373 quidquam
772 1322 832 1358 esse
854 1306 999 1361 absurdius

119 1400 126 1475 p
145 1399 227 1450 quam
239 1400 293 1452 quo
306 1384 394 1435 minus
406 1384 465 1436 viae
477 1385 566 1442 restat
578 1398 610 1434 eo
623 1381 683 1450 plus
696 1382 787 1434 viatici
801 1385 949 1449 quaerere?

197 1458 274 1512 XIX.
311 1466 350 1514 66.
370 1459 473 1522 Quarta
485 1461 574 1512 restat
586 1473 667 1510 musa
681 1475 751 1525 quae
763 1458 881 1510 maxime
896 1476 997 1526 erigere

74 1567 93 1630 ᾧ
119 1516 126 1571 l
144 1537 227 1603 atque
240 1535 382 1588 sollicitam
394 1534 496 1587 habere
508 1540 629 1587 nostram
640 1537 761 1586 aetatem
770 1533 887 1601 videtur,
899 1552 997 1602 appro-

144 1611 285 1678 pinquatio
309 1611 413 1676 mortis,
435 1626 504 1678 quae
530 1614 606 1663 certe
629 1627 645 1662 a
671 1613 812 1663 senectute
831 1627 884 1663 non
903 1614 997 1679 potest

145 1685 223 1754 longe
242 1687 345 1740 abesse.
383 1685 405 1739 (l
426 1688 555 1739 miserum
576 1703 668 1739 senem
681 1686 728 1754 qui
740 1691 857 1739 mortem
876 1692 996 1740 contom-

144 1763 262 1815 nendam
275 1779 334 1817 esse
346 1763 374 1815 in
386 1767 443 1815 tam
457 1762 536 1830 longa
553 1766 645 1815 aetate
659 1778 712 1815 nen
724 1762 839 1817 viderit!
860 1780 930 1831 quae
948 1769 998 1818 alit
1047 1802 1050 1807 -

124 1878 127 1923 ι
143 1838 223 1906 plane
235 1838 398 1906 negligenda
410 1843 459 1904 est,
473 1839 495 1891 si
508 1838 617 1892 omnino
631 1839 782 1905 exstinguit
800 1839 927 1906 animum,
948 1847 998 1893 aut

76 1925 105 1990 p-
144 1914 226 1967 etiam
247 1914 373 1983 optanda,
395 1914 417 1966 si
438 1915 529 1983 aliquo
549 1931 611 1967 eum
632 1913 745 1967 deducit
764 1914 812 1967 ubi
833 1915 869 1968 sit
886 1917 998 1970 futurus

124 1950 279 2044 [aeternus.
317 1991 403 2059 Atqui
428 1993 542 2044 tertium
568 1994 643 2044 certe
667 1990 735 2043 nihil
761 1992 877 2044 inveniri
896 1996 998 2060 potest.

143 2071 185 2124 67.
211 2068 283 2133 Quid
295 2069 380 2136 igitur
392 2069 510 2134 timeare,
529 2067 551 2120 si
570 2071 618 2120 aut
635 2083 689 2119 neu
707 2067 791 2120 miser
804 2071 997 2135 postmortem

143 2147 191 2198 aut
208 2143 305 2198 beatus
323 2144 406 2197 etiam
429 2145 538 2196 futurus
561 2146 641 2197 smnl
682 2143 852 2212 Quamquam
873 2143 934 2212 quis
952 2149 997 2198 cst

142 2225 199 2274 tam
217 2223 324 2287 stultas,
343 2221 466 2289 quamvis
484 2222 520 2274 sit
539 2221 704 2288 adolescens,
716 2220 760 2273 cui
773 2221 810 2272 sit
823 2220 996 2288 exploratum

142 2313 172 2350 se
190 2297 227 2350 ad
246 2313 388 2365 vesperum
408 2313 468 2350 esse
487 2297 640 2350 victurum?
679 2296 846 2360 Quinetiam
860 2304 936 2349 aetas
949 2297 997 2350 illa

142 2373 227 2426 multo
246 2373 337 2440 plures
354 2388 435 2441 quam
453 2377 547 2426 nostra
565 2374 661 2426 mortis
681 2389 758 2426 casus
773 2371 870 2437 habet3
889 2372 997 2426 facilius

142 2449 169 2500 in
194 2449 304 2501 morbos
328 2449 451 2502 incidunt
474 2449 675 2515 adolescentes;
702 2449 812 2518 gravius
837 2453 997 2517 aegrotant3

143 2524 248 2578 tristius
273 2529 410 2579 curantur.
454 2527 553 2595 ltaque
579 2527 658 2594 pauci
677 2526 790 2579 veniunt
812 2527 848 2580 ad
873 2529 997 2578 senectu-

141 2604 208 2653 tem.
225 2602 303 2668 Quod
316 2603 342 2654 ni
354 2602 394 2655 ita
409 2603 553 2668 accideret,
575 2603 672 2656 melius
693 2607 722 2656 ct
739 2603 903 2672 prudentius
924 2602 997 2655 vive-

140 2680 232 2742 retur3
261 2691 338 2729 mens
373 2680 445 2732 enim
468 2683 497 2732 et
514 2680 585 2733 ratio
611 2683 640 2733 et
664 2680 805 2733 consilium
829 2679 857 2731 in
884 2677 998 2732 senibus

141 2756 190 2820 est,
204 2755 251 2822 qui
269 2755 291 2806 si
309 2755 374 2808 nulli
392 2755 514 2823 fuissent,
526 2756 617 2809 nullae
631 2757 739 2809 omnino
756 2756 882 2809 civitates
895 2758 996 2807 essent.

141 2829 196 2882 Sed
218 2830 302 2884 redeo
324 2833 359 2884 ad
377 2836 493 2886 mortem
516 2833 728 2900 impendentem.
767 2831 846 2894 Quod
865 2829 933 2883 illud
952 2834 997 2884 est

140 2906 241 2960 crimen
254 2909 410 2975 senectutis,
424 2926 508 2977 quum
520 2909 589 2961 illud
603 2908 721 2960 videatis
734 2925 795 2961 cum
809 2907 997 2960 adolescentia

140 3000 199 3037 esse
217 2987 374 3038 communel
420 2991 460 3039 68.
489 2985 566 3038 Sensi
585 3001 636 3052 ego
654 3000 737 3051 quum
755 2985 784 3038 in
806 2983 910 3051 optimo
937 2981 995 3033 filio

141 3075 208 3127 meo,
233 3065 292 3113 tum
317 3061 344 3112 in
371 3061 536 3130 exspectatis
559 3060 596 3113 ad
615 3060 808 3128 amplissimam
828 3058 994 3126 dignitatem

140 3136 271 3190 iratribus
290 3137 352 3201 tuis,
371 3137 468 3205 Scipio,
487 3140 604 3190 mortem
618 3137 690 3188 omni
703 3136 788 3189 aetati
801 3152 861 3188 esse
872 3149 995 3187 commu-

139 3227 209 3266 nem.
247 3215 287 3265 At
299 3216 392 3280 sperat
404 3212 562 3266 adolescens
581 3211 629 3264 diu
646 3229 676 3264 so
691 3212 833 3276 victumm,
844 3210 916 3278 quod
930 3225 996 3276 spe-

145 3347 149 3356 ·
166 3335 216 3370 Ma·-
236 3341 247 3357 ‘
261 3293 377 3364 munau
392 3307 494 3378 “lt->Q
509 3325 615 3378 smmi
626 3298 738 3403 epm}-
750 3337 828 3368 lim&
843 3318 953 3400 ‘nplol

797 3401 962 3490 ‚Spe-p.
