2242 3542
344 140 509 189 LAllLIUS.
547 141 625 189 CAP.
644 141 738 187 XXII.
757 140 863 187 XXIII.
993 144 1024 188 53

168 225 342 279 verebuntur.
387 222 459 275 Nam
482 222 634 275 maximnm
665 227 855 277 ornamentum
887 223 1023 276 amicitiae

168 303 239 356 tollit
252 302 299 369 qui
314 318 348 353 ex
368 317 402 353 ea
421 299 495 353 tollit
513 299 712 353 verecundiam.
757 306 798 354 83,
824 300 924 369 Itaque
942 299 972 353 in
991 302 1025 353 iis

166 378 333 446 perniciosus
353 380 494 430 cst·crror
515 376 561 443 qui
586 376 745 429 existimant
765 376 911 429 libidinum
926 393 1024 445 ¹pecca-

168 459 312 522 torumque
325 453 445 507 omnium
457 456 552 520 patere
568 453 596 505 in
610 452 731 506 amicitia
745 452 892 507 licentiam.
930 451 1024 509 Virtu-

168 535 226 584 tum
239 530 359 583 amicitia
371 529 525 597 adjutrixa
544 533 644 582 natura
665 529 730 581 data
749 533 799 594 est,
821 546 875 581 non
895 529 1024 582 vitiorum

167 623 265 674 comes,
287 610 326 675 ut,
348 606 476 675 quoniam
498 605 619 659 solitaria
642 622 697 658 nou
720 609 812 673 posset
831 605 918 657 m'rtus
937 604 974 657 ad
993 622 1025 657 ea

168 700 238 751 quae
260 700 364 736 summa
387 686 451 735 sunt
475 682 625 750 pervenire,
650 682 796 749 conjuncta
820 685 848 733 ct
872 683 1026 734 consociata

168 775 228 811 cnm
238 759 325 812 altera
336 758 507 826 pervenirem
528 759 628 825 quaesi
637 775 706 826 quos
715 758 788 811 inter
798 758 913 811 societas
925 763 973 811 ant
983 762 1026 810 cst

168 838 216 887 aut
228 836 281 888 fuit
293 839 342 889 aut
354 836 447 887 futura
459 838 509 899 est,
523 852 617 887 eorum
630 838 673 887 cst
688 834 830 887 habendus
842 834 878 885 ad
890 851 1025 886 summum

169 914 283 964 naturae
295 910 395 964 bonum
414 911 534 977 optimus
549 909 778 977 beatissimusque
794 909 946 962 comitatus.
983 917 1025 963 84.

171 986 247 1039 Haec
263 990 313 1053 cst,
327 987 446 1053 inquam,
467 986 583 1038 societas
602 986 629 1037 iu
652 986 815 1055 quaomnia
837 985 929 1039 insunt
952 1003 1025 1054 quae

169 1066 270 1130 putant
279 1062 404 1115 homines
415 1061 578 1129 expetenda,
589 1061 724 1128 honestas,
737 1061 831 1128 gloria,
841 1062 1025 1130 tranquillitas

169 1138 250 1190 animi
269 1142 355 1206 atquo
367 1137 534 1205 jucunditas,
553 1141 586 1191 ut
601 1141 637 1203 ct,
651 1154 736 1205 quum
749 1137 816 1190 baec
828 1137 927 1202 adsint,
943 1137 979 1191 bc
988 1144 1026 1191 ta

169 1214 226 1267 rita
238 1214 283 1282 sit,
296 1218 324 1267 et
337 1215 396 1267 sine
410 1214 453 1265 his
470 1230 529 1267 esse
548 1230 603 1267 non
621 1214 717 1282 possit,
752 1213 831 1277 Quod
853 1231 937 1281 quum
958 1217 1026 1283 opti-

169 1307 242 1343 mum
260 1291 463 1358 maximumque
485 1290 527 1355 sit,
550 1291 576 1358 si·
596 1290 626 1342 id
646 1290 769 1342 volumus
790 1289 910 1357 adipisci,
929 1289 1024 1341 virtuti

169 1384 252 1434 opera
264 1366 355 1419 danda
374 1370 424 1431 est,
438 1367 496 1419 sine
517 1383 572 1433 qua
593 1383 643 1419 nee
664 1366 812 1419 amicitiam
834 1382 926 1433 neque
942 1365 1024 1417 ullam

170 1460 228 1495 rem
240 1442 424 1511 expetendam
436 1442 565 1510 consequi
581 1459 743 1509 possumus:
760 1458 793 1494 ea
808 1458 875 1494 vcro
893 1442 1025 1508 neglectu,

170 1520 216 1586 qni
229 1535 262 1571 se
268 1519 368 1571 amieos
377 1518 479 1571 habere
489 1518 668 1584 arbitrantur,
675 1522 737 1570 tum
750 1534 779 1570 se
788 1518 908 1585 donique
917 1534 1025 1570 errasse

170 1596 292 1647 sentiunt
311 1611 395 1662 quum
412 1610 458 1647 eos
471 1594 563 1661 gravis
579 1594 679 1662 aliquis
700 1611 778 1647 casus
801 1594 919 1662 experiri
940 1594 1023 1660 cogit.

170 1677 211 1725 85.
230 1670 369 1737 Quocirca,
383 1670 529 1723 dicendum
542 1674 586 1724 est
606 1671 679 1723 enim
691 1672 806 1738 saepius,
821 1688 905 1739 quum
920 1668 1027 1737 judica-

170 1748 249 1813 veris,
268 1747 383 1814 diligere
400 1750 525 1815 oportet;
544 1764 606 1812 non,
628 1764 713 1814 quum
737 1747 873 1808 dilexeris,
890 1745 1028 1812 judicare.

172 1822 226 1876 Sed
239 1840 322 1890 quum
336 1822 430 1875 multis
449 1823 478 1877 in
499 1822 583 1876 rebus
603 1823 772 1889 negligentia
789 1822 944 1890 plectimur,
964 1824 1023 1874 tum

171 1899 289 1951 maxime
301 1899 330 1951 in
349 1898 445 1951 amicis
463 1902 494 1951 et
512 1897 667 1966 deligendis
690 1901 720 1951 et
740 1898 878 1961 colendis3
902 1914 1028 1965 praepos

171 1976 238 2027 toris
254 1975 326 2027 enim
339 1974 445 2027 utimur
461 1974 581 2026 consiliis
592 1977 622 2027 et
639 1976 700 2026 acta
720 1974 834 2040 agimus,
856 1972 930 2039 qnod
953 1976 1027 2024 reta-

171 2068 232 2103 mnr
256 2054 351 2103 vetere
370 2049 525 2117 proverbio.
560 2049 633 2102 Nam
651 2048 783 2117 implicati
806 2048 880 2100 ultro
905 2052 933 2100 et
958 2049 1026 2101 citro

92 2160 94 2165 -
171 2125 213 2178 uel
232 2143 283 2178 usu
300 2126 431 2178 diuturno
450 2124 493 2177 vel
512 2125 597 2178 ctiam
621 2124 715 2177 officiis
739 2128 855 2192 repente
878 2124 908 2175 in
935 2124 1026 2177 medio

172 2218 252 2254 cursu
265 2200 398 2254 amicitias
411 2203 507 2253 exorta
518 2200 610 2267 aliqua
623 2200 768 2252 offensione
781 2200 971 2267 dirumpimus.

186 2322 187 2325 ,
218 2277 338 2331 ’ΧΧΙΙ[.
357 2282 397 2330 86,
431 2276 490 2340 Quo
511 2276 595 2329 ctiam
615 2276 703 2343 magis
721 2275 902 2343 vituperanda
922 2280 965 2328 cst
985 2279 1025 2328 rei

171 2354 288 2407 maxime
301 2352 470 2406 necessariae
483 2356 562 2405 tanta
581 2352 693 2419 incuria
729 2352 792 2406 Una
811 2356 855 2405 est
872 2353 945 2404 enim
959 2353 1026 2405 arn?-

171 2432 236 2485 citia
248 2432 276 2484 in
288 2430 372 2485 robus
384 2430 509 2482 humanis
521 2430 557 2482 de
569 2430 649 2498 cujus
660 2430 781 2483 utilitato
798 2447 892 2492 omnes
909 2447 963 2482 uno
980 2448 1028 2482 ore

171 2508 359 2561 consentiunt:
380 2522 545 2575 quamquam
565 2524 581 2559 a
600 2506 694 2560 multis
717 2506 778 2575 ipsa
798 2507 886 2578 virtus
906 2509 1028 2559 contem-

172 2586 246 2638 nitur
275 2588 304 2637 et
335 2583 489 2637 venditatio
515 2584 650 2651 quaedam
675 2587 772 2651 atque*
789 2583 940 2637 ostentatio
969 2599 1029 2634 csse

172 2661 279 2729 dicItur.
314 2660 398 2713 Multi
408 2659 520 2713 divitias
533 2659 696 2730 despiciunt,
710 2677 778 2727 quos
789 2676 873 2727 parvo
884 2661 1029 2711 contentos

173 2738 261 2789 tonnis
279 2736 367 2789 victus
379 2735 522 2803 cultusque
544 2736 681 2800 delectat3
700 2735 816 2788 honoros
832 2752 896 2787 vero
912 2751 1027 2803 quorum

172 2813 322 2881 eupiditate
347 2812 459 2880 quidam
478 2812 688 2878 inflammantur,
709 2828 790 2879 quam
807 2811 885 2863 multi
904 2811 944 2863 ita
966 2827 1027 2861 con-

172 2892 298 2943 temnunt
315 2891 348 2941 ut
366 2887 432 2940 nihil
452 2888 566 2951 inanius,
583 2889 650 2941 nihil
669 2905 729 2941 esse
749 2888 835 2939 levius
855 2887 1029 2938 existiment:

173 2965 294 3034 itemque
316 2969 409 3017 cetera
420 2966 499 3032 ‘quae
521 2965 685 3032 quibusdam
702 2962 874 3016 admirabilia
892 2962 1028 3020 ridentur,

173 3041 301 3110 permulti
314 3044 377 3094 sunt
390 3041 437 3108 qni
450 3057 501 3109 pro
510 3040 596 3093 nibilo
608 3043 713 3108 putent.
751 3040 793 3091 lle
806 3037 926 3090 amicitia
933 3052 1028 3088 omncs

173 3118 208 3170 ad
220 3134 304 3171 unum
321 3117 395 3170 idom
412 3117 542 3183 sentiunt,
560 3120 589 3169 et
608 3117 628 3169 ii
648 3117 694 3183 qni
711 3116 747 3168 ad
764 3131 822 3168 rem
842 3111 978 3181 publicam
998 3128 1027 3163 sc
1063 3096 1088 3145 ⁸

117 3214 120 3221 ¹
174 3194 353 3257 mntnlcrnnt
379 3197 408 3247 ct
433 3194 451 3246 ii
481 3193 527 3261 qni
555 3210 646 3246 rorum
672 3191 827 3258 cognitione
849 3187 1032 3256 dietrinuque
