2242 3542
264 188 335 240 LIB.
352 192 400 250 ΙΙ.,
416 191 494 241 CAP.
511 191 601 241 XXII.
619 192 734 253 XXIII,
751 191 766 251 ἓ
782 195 871 243 76-82.
916 246 919 251 ,
943 197 989 244 145

147 275 220 328 enim
244 290 360 327 numero
380 275 450 327 haec
471 274 641 341 iudicantur,
659 276 710 328 'sed
731 277 862 345 pondere
901 279 1013 344 Quaml

147 363 241 408 auteur
259 355 347 408 habet
364 355 543 423 aequitatem,
559 360 709 425 utagrum
728 357 824 409 multis
842 358 922 411 annis
942 363 992 412 aut

147 436 232 488 etiam
249 435 369 488 saeculis
387 445 452 488 anto
467 451 625 504 possessum
640 436 691 503 qui
707 439 815 489 nullum
830 439 930 491 habuit
944 441 992 493 ha-

148 518 228 569 beat:
254 516 303 585 qui
327 521 421 568 autem
443 515 544 568 habuit
566 516 699 569 amittatl
742 518 849 573 XXIII.
888 522 930 573 80.
950 519 992 572 Ac

147 603 264 666 propter
278 598 332 649 hoc
346 596 466 648 iniuriae
483 612 573 665 genus
588 598 803 649 Lacedaemonii
818 600 993 667 Lysandrum

147 678 285 746 ephorum
309 678 492 745 expulerunt:
515 676 593 745 Agin
616 693 718 746 regem,
737 679 816 745 quod
839 695 1000 748 numquam·
1060 740 1061 743 Ἴ

147 763 231 810 antea
249 758 327 826 apud
345 773 393 809 eos
410 756 559 822 acciderat,
575 762 751 826 necaverunt,
764 774 855 826 exque
872 776 907 811 eo
925 766 993 813 tem-

148 854 216 907 pore
227 842 324 890 tantae
336 837 496 890 discordiae
510 842 622 889 secutae
634 843 708 905 sunt,
717 842 749 889 ut
761 845 789 891 et
799 840 910 907 tyranni
923 841 993 893 exsi-
1081 888 1085 895 .

148 924 255 970 sterent
264 923 296 971 et
305 918 458 988 optimates
470 918 722 970 exterminarentur
735 923 764 971 et
777 920 994 988 praeclarissime

148 999 304 1052 constituta
325 998 501 1067 respublica
521 998 699 1051 dilaberetur.
738 1000 798 1052 Nec
816 1016 882 1052 vero
904 1002 994 1054 solum

150 1079 212 1149 ipsa
225 1079 336 1148 cecidit,
346 1080 396 1131 sed
408 1079 493 1132 etiam
508 1079 645 1147 reliquam
659 1079 804 1132 Graeciam
817 1081 918 1133 evertit
930 1098 995 1134 con-

149 1161 312 1231 tagionibus
330 1162 476 1226 malorum,
490 1176 561 1226 quae
579 1176 596 1211 a
610 1160 839 1212 Lacedaemoniis
852 1161 994 1230 profectae

150 1240 398 1293 manaruntlatius.
433 1239 529 1305 Quidl
547 1245 657 1293 nostros
666 1234 814 1307 Gracchos,
824 1241 866 1295 Ti.
875 1242 996 1295 Gracchi

149 1322 253 1373 summi
262 1320 316 1375 riri
324 1321 405 1387 illios,
414 1319 540 1372 Africani
552 1326 676 1389 nepotes,
687 1336 779 1373 nonne
791 1322 915 1391 agrariae
931 1338 995 1375 con·

150 1402 292 1454 tentiones
303 1399 507 1470 perdideruntl
544 1402 586 1453 81.
603 1401 642 1452 At
654 1416 719 1453 vero
733 1400 836 1453 Aratus
848 1401 996 1469 Sicyonius

151 1483 212 1534 iure
227 1482 365 1548 laudatur,
378 1481 436 1549 qui,
451 1496 516 1533 cum
533 1480 595 1533 eius
611 1480 712 1533 civitas
726 1481 933 1550 quinquaginta
948 1500 995 1535 an-

151 1578 204 1615 nos
227 1578 244 1613 a
265 1562 391 1629 tyrannis
412 1566 560 1629 teneretur,
580 1560 721 1630 profectus
741 1562 825 1631 Argis
848 1563 995 1631 Sicyonem

151 1641 327 1695 clandestino
348 1641 466 1693 introitu
484 1641 552 1693 urbe
573 1646 616 1693 est
635 1642 750 1710 potitus,
766 1658 886 1709 cunique
905 1648 996 1711 tyran-

152 1740 221 1776 num
233 1722 379 1776 Nicoclem
393 1722 546 1791 improviso
559 1722 751 1792 oppressisset,
765 1728 903 1777 sescentos
917 1740 996 1777 exsu-

152 1805 201 1871 les,
217 1804 267 1873 qui
285 1802 500 1872 locupletissimi
517 1802 628 1855 fererant
645 1803 706 1856 eius
727 1803 859 1872 civitatis,
874 1804 997 1857 restituit

153 1900 267 1952 remque
289 1884 434 1953 publicam
454 1884 579 1937 adventu
599 1899 651 1936 suo
672 1883 810 1938 liberavit
849 1884 912 1952 Sed,
932 1900 996 1938 cum

153 1981 285 2035 magnam
309 1964 545 2018 animadverteret
567 1963 598 2016 in
622 1964 705 2016 bonis
727 1968 757 2016 et
777 1965 997 2034 possessionibus

153 2045 358 2113 difficultatem,
371 2044 449 2114 quod
467 2049 496 2097 et
512 2060 567 2111 eos,
582 2059 652 2113 quos
670 2044 729 2113 ipse
749 2044 997 2113 1·estituerat‚quo-

154 2141 215 2178 rum
234 2126 309 2178 bona
329 2126 380 2179 alii
399 2125 591 2195 possederant,
609 2140 691 2194 egere
712 2124 919 2192 iniquissimum
939 2141 997 2179 esse

153 2207 344 2259 arbitrabatur
367 2211 397 2259 et
417 2205 625 2275 quinquaginta
650 2221 788 2257 annorum
812 2206 998 2274 possessiones

155 2287 263 2340 moveri
285 2303 343 2339 non
363 2286 448 2339 nimis
467 2303 589 2355 aequum
608 2286 735 2356 putabat,
752 2290 901 2354 propterea
920 2287 997 2355 quod

154 2374 214 2421 tam
234 2369 320 2437 longo
341 2368 434 2438 spatio
455 2370 545 2420 multa
563 2367 775 2434 hereditatibus,
791 2368 880 2421 multa
899 2367 998 2437 empti·

155 2448 265 2515 onibus,
278 2449 367 2500 multa
381 2448 497 2500 dotibus
511 2448 678 2500 tenebantur
694 2447 752 2499 sine
769 2446 879 2515 iniuria,
892 2448 998 2500 iudica-

155 2529 303 2598 vitaeque
321 2528 379 2580 illis
396 2528 487 2581 adimi
508 2544 560 2580 nec
578 2528 623 2580 his
641 2544 697 2579 non
713 2527 783 2579 satis
797 2527 864 2594 fieri,
881 2544 998 2595 quorum

155 2609 206 2662 illa
219 2608 336 2676 fuerant,
348 2614 485 2677 oportere.
521 2611 565 2662 82.
584 2610 655 2661 Cum
670 2606 759 2677 igitur
771 2608 915 2660 mmuisset
925 2624 998 2677 opus

154 2706 215 2741 esse
230 2690 339 2742 adeam
351 2706 409 2741 rem
420 2688 646 2741 corstituendam
660 2688 786 2758 pecunia,
795 2689 998 2743 Alexandriam

72 2766 75 2769 ’
154 2786 185 2821 se
201 2770 339 2837 proficisci
354 2771 426 2821 velle
445 2769 520 2821 dixit
535 2785 649 2838 remque
667 2770 806 2838 integram
825 2769 861 2821 ad
876 2770 998 2822 reditum

156 2865 239 2901 suum
253 2849 335 2902 iussit
348 2866 416 2917 esse,
429 2850 508 2918 isque
520 2850 647 2902 celeriter
661 2849 698 2901 ad
711 2850 903 2902 Ptolemaeum
915 2865 997 2902 suum

157 2929 298 2998 hospitem
312 2930 398 2998 venit,
412 2931 462 2998 qui
478 2936 539 2982 tum
558 2931 695 3000 regnabat
713 2930 783 2982 alter
800 2933 863 2999 post
878 2930 998 2983 Alexan·

156 3009 249 3061 driam
263 3010 415 3063 conditam.
454 3010 506 3063 Cui
521 3026 586 3063 eum
603 3010 774 3080 exposuisset
789 3010 910 3079 patriam
924 3026 952 3062 sc
967 3010 999 3062 li-

157 3091 254 3142 berare
267 3092 337 3143 velle
351 3106 518 3159 causamque
532 3091 680 3158 docuisset,
694 3107 711 3142 a
726 3106 791 3160 rege
808 3090 942 3158 opulento
956 3089 999 3143 vir

155 3186 282 3223 summus
291 3170 373 3224 facile
384 3171 556 3241 impetravit,
567 3176 599 3224 nt
609 3170 712 3241 grandi
723 3170 843 3240 pecnnia
853 3170 999 3225 adiuvare-
