2242 3542
270 137 339 189 LIB.
356 136 391 199 1.,
407 135 485 197 OAP.
501 132 696 192 xvim-xx,
714 132 728 193 §
746 136 835 183 61-66.
943 138 977 185 83

134 224 345 278 essevolumus:
366 236 436 290 quae
449 224 514 273 sunt
525 235 559 272 ex
569 219 662 272 media
671 219 755 271 laude
767 219 899 273 iustitiae.
932 222 974 274 64.

136 306 193 359 Sed
205 304 279 358 illud
292 304 422 357 odiosum
434 309 484 371 est,
498 303 575 371 quod
589 301 619 353 in
633 302 689 353 hae
698 300 817 355 elatione
831 306 859 353 et
870 303 976 371 magni·

135 386 235 439 tudine
255 384 341 437 animi
357 384 489 437 facillime
508 382 664 453 pertinacia
682 388 710 434 et
730 382 816 434 nimia
834 382 976 452 cupiditas

136 466 312 537 principatus
329 464 491 517 innascitur.
531 465 570 517 Ut
585 464 659 516 enim
678 464 755 532 apud
769 465 916 516 Platonem
935 471 976 516 est

136 550 152 575 ‘²
163 563 273 599 omnem
285 562 390 599 morem
402 544 688 597 Lacedaemoniorum
701 543 906 596 inflammatum
917 560 976 597 esse

136 626 292 696 cupiditate
310 626 469 692 vincendi,'’
486 625 525 677 sio
545 625 714 693 utquisque
733 621 819 677 animi
838 624 977 694 maguitu-
1036 688 1038 693 ,
1087 658 1090 662 -

136 707 203 761 dine
221 708 342 759 maxime
361 705 481 775 excellit,
497 704 538 758 ita
555 706 677 758 maxime
692 706 755 757 vult
772 705 902 775 princeps
920 722 976 757 om-

135 786 213 841 nium
230 789 275 839 vel
292 787 387 857 potius
406 788 480 840 solus
499 802 564 839 esse.
602 786 722 839 Difficile
741 791 835 838 autem
850 791 899 853 est,
913 802 977 839 eum

135 873 275 938 praestare
303 866 433 919 omnibus
459 866 641 935 concupieris,
664 882 772 919 servare
799 866 994 935 aequitatem„

137 964 207 1016 quae
222 952 264 999 est
277 947 401 1015 iustitiae
417 946 536 999 maxime
551 947 672 1017 propria.
708 947 753 997 Ex
768 962 824 1014 quo
838 946 871 998 fit
886 951 917 998 ut
932 963 977 999 ne·
993 955 997 989 ἰ

63 1074 67 1080 .
137 1045 191 1097 que
204 1027 410 1097 disceptatione
419 1026 494 1080 vinci
508 1044 536 1079 se
549 1043 600 1079 nec
609 1028 668 1079 ullo
679 1026 796 1095 publico
808 1042 840 1078 ac
850 1027 977 1096 legitimo

135 1108 196 1162 iure
215 1108 365 1177 patiantur,
380 1108 575 1175 exsistuntque
588 1107 619 1159 in
636 1124 665 1159 re
682 1107 796 1177 publica
814 1108 977 1177 plerumque

136 1190 282 1259 largitores
302 1194 329 1242 ct
348 1188 466 1256 factiosi,
483 1194 515 1240 ut
535 1204 602 1257 opes
622 1205 707 1257 quam
727 1188 863 1241 maximas
884 1206 977 1242 conse-

136 1277 258 1339 quantur
268 1276 295 1323 et
304 1271 359 1323 11111
370 1272 398 1322 vi
408 1276 503 1340 potius
514 1270 668 1339 superiores
678 1286 762 1338 quam
772 1270 881 1322 iustitia
890 1288 976 1339 pares.

110 1366 115 1407 1
137 1353 192 1406 Sed
205 1369 261 1420 quo
275 1351 683 1432 diffiQtheclffl·
715 1352 833 1403 Nullum
846 1352 920 1404 enim
936 1357 990 1463 1111

136 1424 335 1501 ter'nspb's'dudd
348 1432 457 1485 iustitia
470 1448 568 1485 vacare
581 1431 689 1484 debeat.
722 1434 764 1483 65.
780 1432 878 1485 Fortes
890 1432 978 1501 igitur

136 1519 164 1566 et
178 1512 350 1582 magnanimi
368 1519 433 1565 sunt
448 1512 571 1565 habendi
591 1528 648 1564 non
666 1512 715 1579 qui
732 1511 850 1579 faciunt,
863 1514 913 1565 sed
928 1512 978 1580 qui

135 1596 302 1663 propulsant
326 1593 464 1646 iniuriam.
498 1594 572 1647 Vera
594 1599 687 1645 autem
710 1597 739 1645 et
758 1593 869 1663 sapiens
891 1593 978 1645 animi

135 1673 303 1743 magnitudo
320 1675 469 1726 honestum
489 1674 570 1740 illud,
584 1674 662 1741 quod
683 1673 804 1725 maxime
822 1680 921 1725 natura
939 1690 978 1726 se·

136 1754 238 1822 quitur,
252 1755 281 1806 in
296 1754 377 1807 factis
390 1755 522 1823 positum,
536 1754 637 1807 nonin
652 1754 742 1823 gloria
756 1754 862 1807 iudicat
875 1754 977 1823 princi-

135 1851 254 1904 pemque
269 1851 298 1887 se
313 1851 370 1887 esse
386 1837 494 1888 mavult
511 1851 595 1901 quam
610 1834 708 1887 videri.
745 1835 857 1887 Etenim
876 1834 925 1902 qui
943 1851 978 1887 ex

136 1931 225 1967 errore
244 1916 601 1983 imperitaemultitudinis
620 1916 733 1984 pendet,
754 1917 800 1967 liic
818 1916 848 1967 in
868 1931 978 1983 magnis

136 1995 203 2047 viris
215 2012 271 2048 non
284 2001 325 2048 cst
336 1995 493 2049 habendus.
524 1995 670 2047 Facillime
684 2001 776 2047 autem
790 1996 826 2048 ad
839 2012 882 2047 res
894 1995 978 2047 1111111

136 2080 179 2128 111
194 2075 356 2144 impellitur,
367 2081 399 2129 ut
416 2076 533 2144 quisque
550 2075 687 2127 altissimo
702 2076 795 2128 animo
811 2083 859 2143 est,
873 2078 978 2146 gloriae

136 2155 308 2224 eupiditate:
328 2156 377 2223 qui
395 2158 473 2209 locus
491 2162 533 2209 est
551 2172 617 2209 sane
635 2156 766 2224 lubricus,
778 2160 856 2225 quod
871 2160 919 2209 vix
938 2158 978 2209 in-

136 2236 255 2301 venitur,
266 2236 315 2304 qui
328 2238 469 2290 laboribus
479 2238 613 2307 susceptis
625 2238 810 2307 periculisque
822 2239 906 2291 aditis
919 2255 978 2291 non

136 2316 215 2384 quasi
230 2318 385 2370 mercedem
398 2334 488 2370 rerum
502 2326 644 2387 gestarum
658 2319 798 2372 desideret
811 2319 935 2388 gloriam.

171 2398 234 2451 XX.
266 2401 308 2451 66.
325 2398 446 2451 Omnino
461 2398 540 2450 fortis
559 2399 669 2452 animus
687 2406 716 2452 et
733 2416 852 2469 magnus
868 2401 991 2464 duabus,

136 2478 218 2531 rebus
231 2478 351 2531 maxime
365 2478 494 2546 cernitur,
507 2496 624 2547 quarum
637 2497 692 2534 una
704 2481 735 2532 in
751 2497 840 2533 rerum
854 2486 974 2534 externa·
988 2477 991 2532 '.

138 2574 198 2611 rum
220 2560 403 2629 despicientia
424 2560 545 2628 ponitur,
566 2577 630 2613 cunr
653 2577 815 2629 persuasum
838 2566 879 2613 est
905 2562 992 2630 nihil‘,

139 2638 278 2693 hominem
303 2639 356 2712 nisi
381 2640 458 2707 quod
483 2640 630 2693 honestum
655 2643 842 2710 decorumque
868 2642 904 2693 sit
929 2643 993 2693 aut²

137 2718 268 2772 admirari
290 2726 339 2773 aut
361 2726 457 2789 optare
479 2726 527 2772 aut
545 2729 674 2790 expetere
697 2729 832 2790 oportere,
850 2722 994 2789 nulliquej

136 2816 225 2866 neque
241 2800 348 2853 homini
361 2817 450 2868 neque
464 2802 669 2869 perturbationi
683 2803 770 2854 animi
783 2818 834 2854 nec
849 2800 977 2854 fortunae
993 2829 996 2864 ς

137 2880 323 2933 succumbere.
360 2882 457 2933 Altera
475 2885 517 2932 est
535 2897 585 2948 111,
600 2886 639 2948 ut,
653 2896 717 2933 cunr
735 2881 776 2933 ita
794 2881 832 2933 sis
850 2880 997 2932 adfectus·

137 2957 239 3025 anime,
249 2964 281 3011 ut
293 2976 377 3028 supra
390 2960 458 3026 dixi,
470 2976 512 3012 res
524 2977 605 3029 geras
616 2977 734 3030 magnas
746 2960 809 3013 illas
822 2960 937 3028 quidem
950 2963 977 3011 et

137 3038 258 3089 maxime
281 3039 368 3106 utiles,
386 3041 435 3092 sed
456 3047 487 3093 ut
505 3042 686 3094 vehementer
705 3042 808 3094 arduas
827 3041 977 3109 plenasque

137 3118 265 3171 laborum
281 3126 308 3171 et
324 3119 510 3189 periculorum
526 3136 590 3172 cum
604 3121 679 3174 vitae
693 3125 754 3173 tum
772 3120 922 3192 multarum
939 3133 976 3169 re
