2242 3542
290 161 358 209 nra,
373 161 421 220 11.‚
438 158 516 209 car.
533 159 715 220 xv.-xvn.,
732 157 747 218 a
765 161 855 208 ss-eo.
949 162 996 208 rar

152 243 267 297 functus
288 250 330 295 est
351 242 481 295 aedilicio
499 242 623 294 maximo
640 258 754 295 munere
772 244 800 295 et
817 242 915 311 paullo
933 246 997 310 post

153 326 184 378 L.
205 325 320 377 Crassus
350 339 414 376 curn
445 321 571 375 omnium
600 322 746 374 hominurn
774 321 998 374 moderatissimo

153 406 187 471 Q.
206 404 302 457 Mucio
328 402 606 473 magnificentissima
632 402 776 454 aedilitate
802 401 914 455 functus
940 407 997 454 est:

153 486 259 538 deinde
280 485 309 539 C.
326 484 461 537 Claudius
480 482 570 551 Appii
589 482 672 549 filius,
687 482 770 535 multi
789 489 862 551 post,
877 481 997 549 Luculli,

153 565 329 632 Hortensius,
349 565 467 619 Silanus.
513 564 617 615 Omnes
638 568 731 615 autem
752 564 783 616 P.
799 564 934 615 Lentulus
954 578 998 614 me

154 648 269 700 consule
283 646 353 700 vicit
372 644 534 714 superiores
572 645 656 696 Hunc
675 648 717 696 est
732 644 850 696 Scaurus
864 642 997 697 imitatus.

154 728 432 799 Magnificentissimo
444 744 510 780 vero
525 726 615 779 nostri
628 726 758 795 Pompeii
773 742 888 778 munera
903 741 998 778 secun·

154 811 193 863 do
211 810 374 863 consulatu:
393 808 423 860 in
442 808 544 877 quibus
563 807 694 860 omnibus
712 807 783 875 quid
801 807 871 859 mihi
889 808 999 875 placeat

153 891 242 945 vides.
280 890 371 943 XVII.
410 891 453 942 58.
473 888 599 942 Vitanda
617 892 711 939 tamen
731 887 853 957 suspicio
873 893 915 939 est
935 903 999 939 ava-

154 972 245 1025 ritiae.
292 971 432 1023 Mamerco
459 968 569 1021 homini
596 968 766 1021 divitissimo
795 967 998 1037 praetermissio

155 1052 310 1105 aedilitatis
329 1051 490 1103 consulatus
504 1050 644 1118 repulsam
659 1048 763 1101 attulit.
802 1050 907 1115 Quare
927 1055 962 1115 et,
974 1048 998 1099 si

154 1133 315 1201 postulatur
327 1148 344 1184 a
356 1131 471 1200 populo,
483 1130 565 1182 bonis
577 1129 645 1181 viris
659 1129 683 1181 si
695 1144 752 1181 non
766 1128 997 1194 desiderantibus,

155 1217 185 1265 at
200 1216 294 1265 tamen
312 1205 534 1281 approbantibus
548 1209 709 1262 faciendum
728 1214 777 1275 est,
791 1210 876 1262 modo
894 1226 945 1278 pro
959 1208 999 1260 fa-

155 1293 316 1360 cultatibus,
334 1309 385 1345 nos
406 1291 462 1361 ipsi
480 1296 512 1343 ut
530 1290 655 1357 fecimus,
671 1296 707 1357 et,
723 1291 747 1341 si
769 1292 883 1359 quando
905 1290 998 1357 aliqua

155 1391 198 1427 res
213 1374 301 1426 maior
315 1378 399 1442 atquc
413 1373 511 1425 utilior
524 1372 655 1440 populari
670 1371 819 1440 largitione
834 1371 995 1439 aequiritur,

156 1460 188 1507 ut
203 1454 295 1507 Oresti
313 1470 401 1522 nuper
419 1452 538 1521 prandia
556 1452 587 1503 in
606 1451 714 1503 semitis
733 1452 867 1504 decumae
885 1452 998 1503 nomine

156 1551 259 1603 magno
275 1533 375 1585 honori
388 1532 507 1585 fuerunt.
546 1532 590 1585 Ne
604 1533 642 1586 M.
656 1532 772 1599 quidem
787 1532 850 1585 Seio
865 1532 936 1584 vitio
951 1532 999 1585 da-

156 1621 217 1668 tum
234 1619 282 1682 est,
297 1614 374 1681 quod
389 1613 419 1664 in
434 1612 549 1665 caritate
564 1628 624 1665 asse
638 1612 766 1665 modium
780 1614 886 1682 populo
902 1613 998 1666 dedit:

156 1713 259 1765 magna
274 1694 347 1747 enim
361 1710 388 1747 se
402 1700 430 1747 et
442 1694 597 1746 inveterata
608 1693 719 1745 invidia
730 1709 782 1747 nec
794 1693 871 1763 turpi
884 1694 998 1761 iactura,

157 1778 271 1846 quando
291 1782 349 1829 erat
368 1775 475 1842 aedilis,
491 1791 542 1827 nee
560 1776 682 1831 maxima
700 1774 837 1830 liberauit.
874 1776 932 1829 Sed
951 1776 999 1826 lro-

156 1858 219 1909 nori
238 1873 346 1909 summo
364 1872 453 1925 nuper
467 1861 564 1907 nostro
582 1855 683 1907 Miloni
697 1854 759 1923 fuit,
773 1856 822 1925 qui
837 1856 999 1924 gladiatori·

159 1938 211 1989 bus
235 1937 336 2005 emptis
359 1936 400 1988 rei
424 1935 553 2005 publicae
580 1950 670 2001 causa,
691 1951 762 2002 quae
788 1936 878 1988 salute
904 1942 1000 1988 nostra

157 2017 361 2082 continebatur,
370 2030 465 2067 ornnes
475 2016 506 2068 P.
517 2014 610 2066 Clodii
624 2021 742 2066 conatus
753 2014 915 2085 furoresque
928 2031 1000 2067 corn-

158 2096 267 2166 pressit.
305 2096 394 2147 Causa
405 2094 494 2163 igitur
506 2094 665 2162 largitionis
678 2100 727 2162 est,
738 2095 762 2147 si
774 2099 823 2147 aut
836 2111 946 2147 necesse
960 2100 1001 2148 est

158 2182 208 2230 aut
221 2176 297 2229 utile.
335 2177 377 2229 59,
397 2175 431 2226 In
444 2174 488 2226 his
500 2178 595 2227 autem
607 2174 676 2243 ipsis
688 2175 892 2227 mediocritatis
904 2178 1001 2245 regula

159 2258 266 2327 optima
287 2261 337 2309 est.
382 2256 412 2309 L.
429 2255 544 2323 quidem
565 2256 717 2325 Philippus
738 2257 770 2323 Q.
786 2258 817 2310 F.
833 2273 937 2326 magno
958 2258 1002 2309 vir

159 2338 274 2407 ingenio
294 2337 324 2389 in
343 2336 497 2406 primisque
516 2337 608 2389 clarus
629 2337 742 2406 gloriari
763 2338 870 2390 solebat
890 2354 919 2390 se
940 2338 1000 2390 sine

158 2421 217 2473 ullo
239 2434 353 2471 munere
378 2418 515 2486 adeptum
537 2434 596 2470 esse
621 2418 715 2471 omnia
739 2434 809 2487 quae
833 2417 1002 2472 haberentur
1027 2455 1028 2458 κ

158 2500 338 2569 amplissima.
375 2498 494 2551 Dicebat
507 2498 583 2552 idern
597 2500 688 2566 Cotta,
699 2499 791 2552 Curio.
829 2500 919 2552 Nobis
934 2517 1001 2567 quo-

159 2598 213 2649 que
234 2581 300 2633 licet
319 2580 350 2631 in
369 2580 424 2632 hoc
445 2581 570 2648 quodam
590 2580 675 2632 modo
697 2580 819 2649 gloriari.
857 2582 931 2633 Nam
950 2597 1001 2650 pro

159 2662 346 2731 amplitudine
365 2661 511 2728 honorum,
527 2678 599 2729 quos
618 2662 729 2712 cunctis
745 2660 886 2730 suffragiis
904 2662 1001 2730 adepti

160 2759 254 2795 snmus
282 2746 378 2795 nostro
406 2742 522 2810 quidem
549 2758 631 2808 anno,
651 2742 730 2808 quod
758 2742 879 2810 contigit
907 2750 1001 2794 eorum

160 2823 273 2889 nemini,
286 2840 357 2890 quos
375 2823 461 2875 modo
482 2822 633 2889 nominavi,
649 2838 714 2873 sane
735 2822 854 2892 exiguus
874 2827 1002 2889 sumptus

159 2902 313 2955 aedilitatis
324 2902 385 2956 fuit.
423 2905 465 2955 60.
484 2903 579 2971 Atque
594 2902 678 2954 etiam
689 2901 754 2954 illae
768 2903 911 2971 impensae
926 2902 1002 2953 meli-

160 2998 229 3049 ores,
240 2982 320 3049 muri,
330 2982 448 3049 navalia,
460 2986 565 3051 portus,
577 2997 711 3050 aquarum
727 2983 829 3035 (luctus
844 2980 1001 3048 omniaque,

160 3078 233 3130 quae
257 3062 294 3114 ad
315 3078 395 3114 usum
416 3062 455 3114 rei
477 3062 609 3131 publicae
633 3062 781 3131 pertinent.
828 3062 1002 3127 Quamquam

68 3193 73 3201 ,
116 3206 119 3213 Α
160 3142 238 3212 quod
258 3158 388 3211 praesens
409 3148 552 3211 tamquam
569 3142 601 3194 in
619 3159 731 3194 manum
750 3142 835 3193 datur
851 3141 1003 3193 iucundius
