2242 3542
464 152 512 200 DE
530 151 683 201 oraturis

152 257 221 309 rum,
233 256 302 309 quae
315 239 351 290 ad
366 236 453 290 vitam
465 236 614 306 pertinent.
646 237 688 289 67.
702 235 810 286 Harum
822 248 914 285 rernm
927 236 1003 290 dua

120 366 124 377 ,
152 338 213 374 rum
225 319 358 389 splendor
370 317 468 386 omnis,
477 316 642 385 amplitudo,
654 315 729 368 addo
739 315 823 368 etiam
834 315 1001 387 utilitatem,

152 403 181 454 in
194 400 346 471 posteriore
358 408 407 467 est,
418 414 500 451 causa
514 404 607 450 autem
620 406 648 449 et
661 398 731 449 ratio
745 396 865 449 efficiens
877 418 1000 471 magnos

152 483 226 535 viros
238 482 269 533 in
281 481 380 550 priore.
412 481 445 532 In
458 496 491 531 eo
504 484 545 531 est
558 478 633 530 enim
645 478 726 544 illud,
737 479 814 546 qnod
827 483 1000 535 excellentes

152 564 260 616 animos
275 569 303 615 et
318 563 440 614 humana
456 565 666 613 contemnentes
682 559 757 614 facit.
795 565 830 617 Id
845 571 938 617 autem
953 564 1000 633 ip

152 661 213 696 sum
226 643 347 696 cernitur
360 643 389 694 in
402 642 521 705 duobus,
533 640 556 691 si
567 647 595 691 et
606 641 694 692 solum
708 642 748 709 id,
759 648 835 713 qued
846 647 999 697 honestum

152 726 195 791 sit,
206 726 312 777 bonum
327 723 435 777 iudices
451 728 479 775 et
494 722 529 774 ab
549 723 626 774 omni
641 727 727 778 animi
741 728 949 797 perturbatione
964 727 998 777 li·

154 808 202 858 ber
214 806 258 860 sis.
291 806 365 858 Nam
378 810 405 857 et
416 820 455 871 ea,
468 818 538 871 quae
551 803 654 863 eximia
664 808 803 877 plerisque
816 816 845 861 et
853 809 999 877 praeclara

152 887 292 955 videntur,
306 902 392 955 parva
408 886 509 937 ducere
526 903 614 955 eaque
629 889 735 941 ratione
751 889 846 942 stabili
860 889 999 955 firmaque

153 974 328 1021 contemnere
349 966 428 1019 fortis
448 966 535 1019 animi
555 970 706 1038 magnique
726 970 886 1022 ducendum
904 976 946 1021 est
967 976 998 1019 et

154 1065 192 1114 ea,
204 1065 274 1115 quae
286 1047 418 1100 videntur
432 1051 537 1117 acerba,
550 1066 621 1117 quae
633 1052 721 1102 multa
735 1056 762 1102 et
774 1050 850 1103 varia
862 1050 892 1102 in
905 1048 998 1101 homi-

153 1144 220 1180 num
243 1129 300 1179 vita
322 1127 489 1196 fortunaque
512 1138 664 1195 versantur,
680 1130 721 1183 ita
740 1132 818 1199 ferre,
833 1137 865 1185 ut
885 1130 958 1182 nihil
970 1136 997 1181 'a

154 1214 227 1261 statu
243 1214 358 1261 naturae
378 1209 511 1276 discedas,
523 1210 594 1261 nihil
610 1228 626 1263 a
642 1211 781 1280 dignitate
800 1211 998 1281 sapientis,1·o·

155 1290 229 1342 busti
244 1290 330 1343 animi
344 1295 386 1343 est
401 1307 574 1360 magnaeque
593 1292 775 1347 constantiae.
812 1295 855 1345 68.
872 1293 937 1345 Non
952 1298 998 1345 est

154 1379 247 1423 autem
268 1378 492 1439 consentaneum,
509 1372 558 1440 qui
580 1380 657 1424 metu
680 1390 736 1425 non
758 1373 911 1442 frangatur,
931 1389 998 1425 eum

154 1452 245 1521 frangi
258 1453 429 1522 eupiditate:
451 1469 510 1520 nee,
521 1453 571 1521 qui
584 1453 721 1506 invictum
734 1469 762 1505 se
778 1470 795 1507 a
810 1454 903 1505 labore
916 1468 998 1521 prae-

154 1534 264 1601 stiterit,
278 1534 355 1585 vinei
369 1551 385 1587 a
401 1534 552 1602 voluptate.
588 1534 679 1599 Quam
698 1536 735 1586 ob
754 1550 811 1585 rem
827 1534 939 1586 ethaeo
955 1533 998 1585 vi-

155 1614 248 1665 denda
261 1618 288 1665 et
301 1613 433 1682 pecuniae
446 1613 582 1682 fugienda
595 1614 743 1682 cupiditas.
773 1614 854 1666 Nihil
867 1614 940 1667 enim
953 1622 997 1667 est

84 1679 105 1765 ψ’
137 1698 141 1784 p
155 1701 213 1745 tam
226 1694 338 1761 angusti
351 1694 437 1745 animi
451 1699 562 1761 tamque
573 1695 653 1763 parvi
666 1711 748 1761 quam
765 1711 857 1747 amare
870 1694 996 1761 divitias,

139 1829 140 1840 ,
155 1774 226 1825 nihil
235 1773 378 1825 honestius
389 1773 670 1842 magnificentiusque
680 1792 762 1843 quam
773 1776 920 1843 pecuniam
930 1791 996 1827 con-

140 1859 283 1926 *temnere
300 1853 322 1905 si
344 1870 400 1905 non
419 1854 537 1907 habeas:
561 1855 585 1905 si
604 1856 715 1922 habene,
732 1857 768 1908 ad
785 1856 996 1908 beneficentiam

138 1877 406 2015 ¹iliberalitatemque
422 1934 554 1988 conferre.
594 1936 725 1988 Cavenda
739 1936 823 1989 etiam
837 1942 878 1989 est
889 1936 996 2005 gloriae

139 2016 304 2090 ¹l,eupitli'ta3,
318 2022 349 2067 ut
367 2032 449 2085 supra
469 2016 544 2069 dixi:
565 2016 650 2085 eripit
668 2018 743 2068 enim
762 2018 995 2085 libertatem‚p1·o

144 2111 210 2171 tque
219 2096 405 2165 magnanimis
415 2096 481 2149 viris
492 2097 583 2149 omnis
594 2097 679 2149 debet
689 2114 747 2149 esse
757 2098 907 2151 contentio.
935 2098 995 2149 Nee

157 2194 220 2228 vero
235 2178 352 2246 imperia
367 2178 524 2246 expetenda
539 2194 572 2228 ac
586 2177 683 2245 potius
698 2183 815 2229 autnon
830 2178 995 2247 accipienda

155 2257 297 2310 interdum
313 2264 362 2310 aut
378 2258 544 2325 deponenda
560 2274 617 2309 nen
632 2274 794 2326 numquam.
834 2262 876 2311 69.
889 2260 995 2312 Vacan-

139 2339 223 2400 :dum
243 2348 334 2390 autem
352 2338 428 2389 omni
446 2343 487 2388 est
505 2338 591 2389 animi
608 2339 818 2407 perturbatione
838 2355 902 2392 cum
919 2338 994 2406 cupi-

156 2419 245 2471 ditate
264 2428 292 2470 et
311 2426 386 2471 metu
408 2424 469 2471 tum
491 2418 577 2471 etiam
598 2419 777 2486 aegritudine
799 2425 828 2471 et
849 2421 993 2487 voluptate

156 2500 241 2551 animi
257 2506 284 2551 et
299 2499 451 2565 iracundia,
464 2504 497 2551 ut
512 2500 702 2566 tranquillitas
719 2500 805 2552 animi
820 2505 848 2552 et
863 2498 994 2553 securitas

139 2580 237 2664 ,adsit
249 2596 319 2648 quae
338 2579 429 2632 adfert
445 2596 508 2631 eum
524 2581 711 2634 constantiam
726 2588 787 2633 tum
804 2581 888 2633 etiam
904 2580 994 2649 (ligni-

143 2666 250 2715 .tatem.
281 2660 365 2713 Multi
378 2666 471 2713 autem
484 2666 512 2713 et
525 2666 588 2713 sunt
602 2667 630 2714 et
639 2662 759 2729 fuerunt,
771 2661 821 2729 qui
833 2678 901 2728 eam,
912 2677 994 2728 qnam

156 2740 228 2807 dico,
240 2740 471 2809 tranquillitatem
487 2748 651 2809 expetentes
666 2759 682 2795 a
697 2742 820 2810 negotiis
832 2742 952 2811 publicis
966 2757 993 2793 se

157 2828 332 2873 removerunt
348 2822 384 2873 ad
398 2822 542 2889 otiumque
558 2822 757 2891 perfugerant:
777 2823 806 2874 in
820 2823 863 2874 liis
879 2829 905 2873 et
918 2821 994 2873 nobi-

157 2900 254 2952 lissimi
273 2901 435 2968 philosophi
455 2903 595 2969 longeque
613 2902 754 2969 principes
773 2909 802 2953 et
818 2902 932 2969 quidam
949 2902 994 2953 ho

157 2980 245 3031 mines
258 2979 345 3032 severi
356 2987 383 3031 et
394 2997 491 3047 graves
503 2997 554 3032 nec
565 2980 662 3048 populi
674 2997 725 3031 nee
734 2981 893 3048 principum
908 2997 994 3033 nrores

156 3058 226 3110 ferre
241 3063 394 3128 potuerunt
410 3060 595 3126 vixeruntque
611 3074 667 3108 nen
683 3060 754 3109 nulli
769 3059 799 3109 in
818 3059 892 3127 agris
908 3061 994 3111 delec-

157 3138 210 3188 tati
228 3154 257 3191 re
276 3154 325 3190 sua
346 3136 483 3190 furniliari.
523 3140 564 3189 70.
581 3136 634 3188 His
652 3136 727 3188 idem
749 3139 925 3205 propositum
941 3138 994 3195 fuit
