2242 3542
144 184 176 233 72
456 182 505 230 DE
524 181 676 231 OFFICIIS

180 268 215 319 X.
253 268 294 319 31.
312 265 367 318 Sed
382 265 514 318 incidunt
533 282 614 335 saepe
631 268 765 335 tempora,
778 281 842 318 cum
860 281 901 336 ea,
915 282 994 335 quae

77 394 83 409 ,
143 347 264 399 maxime
273 346 407 399 videntur
416 347 504 416 digna
517 364 575 400 esse
586 348 660 399 iusto
673 346 787 399 homine
797 363 893 415 eoque,
904 364 992 417 quem

143 428 235 480 virum
249 428 354 479 bonum
369 427 498 493 dicimus
512 431 722 480 commutantur
735 427 863 495 fiuntque
879 436 992 483 coutra-

144 508 192 575 rla,
206 512 238 559 ut
253 507 370 561 reddere
387 509 554 578 depositum,
567 508 657 561 facere
669 508 846 577 promissum,
860 525 991 577 quaeque

144 588 284 658 pertinent
303 590 339 641 ad
354 590 499 643 veritatem
514 597 543 642 et
561 591 599 642 ad
613 589 706 657 fidem,
720 606 753 641 ea
771 590 890 659 migrare
904 590 987 643 inter·

144 670 212 721 dnm
225 674 253 721 et
266 686 322 721 non
335 686 442 723 servare
455 670 487 722 fit
499 670 611 723 iustum.
648 669 755 722 Referri
768 670 843 721 enim
855 671 937 723 dccet
949 673 992 725 ad

144 766 183 814 ea,
194 766 264 818 quae
274 751 355 819 posui
363 750 512 820 principie,
520 750 703 803 fundamenta
713 749 850 803 iustitiae:
865 751 991 820 primum

144 834 176 883 ut
194 830 290 883 necui
308 837 449 899 noceatur,
463 831 567 883 deinde
586 836 618 883 ut
636 831 779 884 communi
797 831 915 883 utilitati
933 848 990 885 ser-

143 911 244 965 viatur.
282 914 324 965 Ea
343 929 406 965 eum
424 917 548 982 tempore
570 916 786 980 commutantur,
799 917 991 965 commutatur

144 991 266 1045 officium
280 997 307 1045 et
320 1010 377 1045 non
391 1010 499 1063 semper
511 999 553 1045 est
566 993 650 1047 idem.
689 996 730 1047 32.
746 996 844 1046 Potest
856 982 931 1046 eniin
944 1010 990 1046 ac-

144 1072 237 1126 cidere
255 1074 425 1142 promissum
444 1074 561 1141 aliquod
581 1080 608 1125 et
627 1078 804 1141 conventum,
818 1079 850 1127 ut
869 1074 900 1126 id
915 1074 991 1127 effici

143 1154 181 1207 sit
195 1154 295 1206 inutile
307 1155 352 1208 vel
368 1154 408 1220 ei,¹
417 1154 463 1206 cui
476 1155 643 1223 promissum
659 1155 703 1221 sit,
714 1156 759 1207 vel
773 1156 807 1223 ei,
822 1155 871 1222 qui
885 1156 991 1224 promi-

143 1233 216 1286 serit.
254 1234 328 1286 Nam
338 1233 369 1302 si,
379 1233 449 1286 utin
460 1233 563 1287 fabulis
573 1240 621 1301 est,
630 1236 780 1304 Neptunus
792 1237 869 1303 quod
879 1236 989 1288 Theseo

143 1313 308 1384 promiserat
327 1330 385 1367 non
404 1314 521 1382 fecisset,
536 1316 658 1368 Theseus
677 1315 836 1384 Hippolyto
854 1315 913 1368 filio
930 1332 990 1368 non

144 1398 215 1447 esset
236 1396 356 1449 orbatus.
393 1397 438 1447 Ex
456 1396 547 1448 tribus
570 1396 645 1448 enim
667 1396 780 1465 optatis,
796 1400 829 1448 ut
849 1396 988 1463 scribitur,

144 1476 198 1527 hoc
219 1479 277 1527 erat
295 1475 418 1543 tertium,
435 1478 513 1544 quod
535 1476 572 1528 de
594 1476 745 1545 Hippolyti
765 1476 882 1529 interitu
901 1477 991 1529 iratus

144 1556 270 1623 optavit:
296 1571 353 1623 quo
374 1556 525 1626 impetrato
550 1556 581 1608 in
601 1556 738 1608 maximos
764 1557 855 1609 luctus
876 1556 988 1611 incidit.

144 1636 204 1688 Nee
223 1636 358 1704 promissa
378 1637 466 1705 igitur
486 1638 624 1690 servanda
643 1643 708 1690 sunt
725 1654 766 1703 ea,
781 1654 852 1705 qnae
870 1637 927 1690 sint
944 1637 988 1705 iis,

145 1716 247 1784 quibus
262 1716 428 1784 promiseris,
442 1718 561 1785 inutilia,
571 1734 632 1785 nec,
645 1718 669 1770 si
681 1719 744 1787 plus
757 1718 811 1769 tibi
824 1734 856 1770 ea
868 1723 989 1770 noceant

145 1812 230 1864 quam
248 1795 290 1848 illi
309 1797 424 1865 prosint,
441 1798 487 1850 eui
505 1798 673 1867 promiseris,
686 1803 787 1871 'contra
806 1798 928 1851 officium
946 1803 989 1850 est

144 1876 234 1929 mains
253 1877 387 1946 anteponi
406 1877 515 1946 minori,
530 1884 569 1947 ut,
583 1879 607 1930 si
625 1876 804 1931 constitueris
822 1880 944 1949 cuipiam
959 1884 989 1932 te

145 1957 313 2010 advocatum
325 1958 356 2009 in
369 1974 427 2010 rem
440 1964 613 2028 praesentem
625 1976 682 2012 esse
693 1964 841 2012 venturum
854 1966 938 2028 atque
947 1959 989 2011 in-

144 2037 226 2090 terim
241 2040 365 2106 graviter
382 2045 525 2107 aegrotare
537 2039 612 2092 filius
625 2039 756 2108 coeperit,
770 2057 827 2112 non
842 2041 879 2093 sit
891 2044 989 2094 contra

145 2119 267 2173 officium
288 2136 346 2173 non
368 2119 457 2174 facere
476 2122 552 2189 quod
575 2122 688 2189 dixeris,
708 2122 852 2189 magisque
870 2122 926 2190 ille,
942 2122 989 2174 cui

145 2200 311 2270 promissum
324 2202 369 2267 sit,
381 2203 416 2254 ab
427 2201 517 2254 officio
529 2202 665 2266 discedat,
675 2202 699 2254 si
708 2219 737 2254 se
748 2202 913 2255 destitutum
924 2219 989 2270 que-

145 2287 228 2335 ratur.
266 2282 326 2333 Iam
341 2282 398 2335 illis
411 2282 552 2351 promissis
568 2284 699 2337 standum
712 2300 769 2335 non
782 2299 841 2337 esse
854 2285 917 2351 quis
931 2299 989 2336 non

144 2362 231 2429 videt,
252 2378 324 2430 qnae
346 2369 459 2415 coaetus
481 2364 543 2429 quis
566 2368 644 2416 metu
671 2380 742 2431 quae
765 2364 899 2433 deceptus
921 2364 989 2416 dolo

144 2442 321 2511 promiserit?
359 2446 400 2496 33.
418 2443 495 2508 Quae
507 2443 623 2509 quidem
635 2445 768 2514 pleraque
780 2444 839 2496 inre
849 2444 988 2513 praetorio

146 2523 308 2589 liberantur,
322 2540 378 2574 nour
392 2523 468 2576 nulla
480 2523 598 2591 legibus.

126 2626 131 2686 1
179 2604 327 2655 Exsistunt
339 2603 422 2656 etiarn
438 2620 519 2673 saepe
534 2604 653 2657 iniuriae
668 2605 810 2658 calumnia
823 2606 947 2673 quadam
960 2610 989 2658 et

124 2683 228 2741 animis
248 2685 351 2737 callida
370 2689 398 2737 et
419 2685 559 2738 malitiosa
578 2685 647 2737 iuris
666 2685 906 2755 interpretatione.
943 2686 989 2739 Ex

144 2780 201 2832 quo
219 2764 291 2817 illud
309 2768 323 2793 ‘⁴
334 2766 476 2817 Summum
495 2765 539 2818 ius
558 2782 667 2819 summa
685 2765 804 2819 iniuria’'
819 2766 925 2819 factum
943 2771 987 2820 est

144 2845 200 2897 iam
211 2846 309 2897 tritum
319 2863 443 2899 sermone
453 2848 640 2915 proverbium.
679 2848 742 2913 Quo
751 2847 782 2899 in
794 2864 893 2916 genere
903 2848 988 2899 etiam

144 2925 174 2976 in
196 2941 225 2977 re
244 2926 359 2994 publice
380 2927 469 2978 inulta
486 2932 647 2995 peccantur,
664 2931 695 2978 ut
715 2927 771 2993 ille,
785 2927 842 2995 qui,
858 2943 922 2979 curn
940 2926 989 2978 tri-

145 3006 224 3076 ginta
239 3007 349 3058 diernm
365 3010 456 3058 essent
472 3023 535 3059 cnm
547 3008 629 3058 hoste
643 3006 775 3059 induciae
790 3006 888 3075 factae,
901 3011 988 3060 noctu

144 3086 335 3153 populabatur
357 3101 446 3152 agros,
463 3088 541 3151 qnod
563 3087 672 3138 dierum
694 3089 786 3138 essent
808 3091 915 3154 pactae,
930 3102 989 3139 non

144 3165 269 3219 noctium
287 3165 428 3219 induciae.
468 3166 510 3217 Ne
529 3169 622 3218 noster
640 3164 756 3234 quidem
774 3165 946 3234 probandus,
963 3166 987 3220 si
