2242 3542
288 126 291 131 ’
359 154 523 203 ananius
559 154 635 201 cnr.
654 152 705 199 xr.
724 152 789 199 xri.
971 159 998 202 n

150 239 298 293 amicitiam
317 254 428 291 manere
444 235 467 287 si
487 233 624 287 avirtute
640 234 782 287 defeceris.
819 241 859 289 38.
879 234 960 299 Quod
979 236 1001 287 si

150 321 255 369 rectam
264 314 440 369 statuerimus
458 312 500 365 vel
519 309 668 365 concedere
687 310 781 364 amicis
801 311 936 381 quidquid
957 329 999 365 re-

150 392 201 446 liut
226 393 267 445 vel
291 392 439 459 impetrare
462 388 497 441 ab
526 387 559 440 iis
580 386 715 455 quidquid
738 388 861 454 velimus,
881 389 1001 456 perfecta

151 469 261 535 quidem
275 468 408 535 sapientia
424 466 516 532 simus,
537 464 561 517 si
581 463 647 516 nihil
668 464 768 517 haheat
791 481 836 516 rcs
857 465 931 518 vitii:
953 465 1001 517 scd

151 545 287 613 loquimur
300 544 334 596 do
347 544 379 595 iis
391 542 485 595 amicis
497 541 544 609 qui
561 545 626 593 antc
645 540 737 593 oculos
757 545 828 607 sunt,
849 557 916 609 quos
935 540 1002 594 vidi-

150 637 211 673 mus
232 628 280 673 alit
299 620 334 672 dc
354 618 452 687 quibus
476 617 634 669 memoriam
659 617 821 685 accepimus,
841 634 909 684 quos
928 618 1003 671 novit

151 698 208 750 vita
220 697 375 749 connnunis.
412 696 453 747 lix
466 694 516 747 hoc
525 710 638 747 numero
646 693 725 745 uobis
738 693 863 761 exempla
872 694 1002 747 sumenda

151 779 221 839 srurt,
248 778 277 827 et
301 790 394 827 eorum
423 772 534 840 quidem
564 771 684 823 manime
710 771 757 839 qui
781 770 818 823 ad
841 770 1001 838 sapientiam

150 850 274 917 proxime
292 849 431 903 accedunt.
468 853 508 900 39.
538 847 669 900 Videmus
689 846 793 913 Papum
815 846 953 899 AEmilium
975 849 1003 897 C.
1048 880 1051 884 ι

152 925 269 977 Luscino
280 924 441 978 familiarem
453 923 545 988 fuisse,
559 923 607 988 (sic
618 940 635 975 a
646 921 772 990 patribus
781 923 948 989 accepimus)
962 922 1003 974 bis

151 1018 204 1053 una
216 1001 346 1066 consules,
359 1001 475 1067 collegas
486 1000 514 1051 in
528 1015 657 1052 censura:
667 1002 726 1051 tum
738 1002 768 1051 et
780 1015 840 1051 curn
848 998 882 1051 iis
891 1002 919 1051 et
931 998 1003 1051 inter

152 1095 181 1131 se
200 1078 435 1145 conjunctissimos
453 1077 537 1130 fuisse
558 1076 604 1128 Μ’.
622 1076 734 1129 Curium
755 1080 785 1129 ct
809 1076 848 1128 Ti.
868 1075 1003 1129 Corunca-

151 1154 226 1207 nium
257 1153 404 1207 memoriae
429 1153 570 1222 proditum
593 1156 643 1205 est.
690 1152 780 1219 Igitur
809 1168 843 1205 ne
873 1151 1003 1221 suspicari

151 1230 261 1299 quidem
274 1246 418 1298 possumus
430 1246 594 1297 quemquam
607 1229 703 1282 horam
715 1228 750 1281 ab
763 1228 849 1281 amico
862 1227 1002 1296 quidpiam

151 1307 324 1360 contendisse
348 1306 422 1373 quod
446 1309 540 1359 contra
569 1306 659 1373 fidem,
683 1309 778 1358 contra
800 1304 1004 1372 jusjurandum,

152 1386 247 1435 contra
259 1376 315 1435 rem
329 1382 466 1451 publicam
480 1385 561 1435 esset.
596 1381 667 1433 llam
679 1381 729 1433 hoc
741 1380 852 1449 quidem
865 1381 892 1433 in
902 1379 1004 1433 talibus

151 1459 217 1511 viris
230 1460 296 1526 quid
308 1459 410 1511 attinet
427 1459 526 1524 dicere,
544 1458 568 1510 si
580 1457 773 1522 contendisset,
790 1457 1002 1524 impetraturum

151 1551 204 1587 non
231 1536 319 1602 fuisse,
346 1552 429 1603 quum
453 1534 493 1586 illi
516 1534 679 1587 sanctissimi
703 1533 755 1585 viri
778 1533 888 1600 fuerint,
916 1549 1004 1600 aeque

152 1614 243 1663 autem
253 1612 329 1664 nefas
343 1612 379 1664 sit
391 1612 446 1664 tale
456 1610 560 1679 aliquid
572 1614 601 1663 et
613 1611 702 1663 facere
714 1613 878 1677 rogatunret
887 1611 1004 1677 rogaret

152 1688 192 1740 At
205 1704 268 1740 voro
281 1687 319 1740 Ti.
332 1687 484 1740 Gracchum
498 1686 683 1755 sequebantur
696 1686 724 1739 G.
738 1685 834 1753 Carbo,
848 1685 876 1739 G.
890 1686 966 1752 Cato,
975 1689 1004 1738 ct

152 1763 262 1817 minime
275 1767 340 1817 tuno
352 1764 464 1832 quidem
474 1763 555 1817 Gaius
567 1764 660 1829 frater,
674 1780 745 1816 nunc
757 1764 831 1816 idem
847 1762 1002 1815 acerrimus„

204 1838 273 1893 XII.
295 1846 337 1893 lo.
361 1840 439 1892 Haec
460 1840 545 1906 igitur
567 1839 612 1892 lex
631 1840 659 1891 in
677 1840 796 1893 amicitia
817 1839 955 1895 sauciatur
973 1842 1005 1890 ut

152 1930 240 1983 neque
252 1932 379 1983 rogemus
391 1932 436 1968 rcs
448 1918 542 1983 turpes
561 1932 612 1968 nec
627 1915 757 1967 faciamus
774 1914 871 1983 rogati.
906 1914 1004 1983 Turpis

153 1991 225 2043 enim
250 1991 388 2044 excusatio
414 1995 456 2044 est
480 1995 509 2043 et
533 1991 645 2043 minime
673 1990 831 2059 accipienda
862 2007 946 2059 quum
975 1990 1005 2042 iu

152 2068 252 2120 ceteris
272 2067 399 2135 peccatis,
412 2069 471 2119 turn
491 2066 514 2119 si
536 2067 598 2134 quis
618 2071 713 2119 contra
734 2084 791 2119 reni
815 2066 951 2135 publicam
974 2084 1003 2120 se

153 2143 231 2195 amici
245 2136 326 2195 causa
337 2143 435 2195 fecisse
447 2142 580 2195 fateatur.
617 2142 727 2194 Etenim
745 2142 856 2204 coloro,
873 2142 957 2195 Fanni
974 2146 1004 2196 et

61 2249 63 2253 ·
154 2218 289 2284 Scaevola,
299 2219 379 2271 locati
392 2221 526 2271 sumusut
541 2234 591 2269 nos
607 2216 688 2285 longe
704 2219 860 2285 prospicere
879 2221 1004 2285 oporteat

154 2295 262 2348 futuros
290 2311 368 2347 casus
391 2294 431 2347 rei
451 2293 585 2361 publicae.
622 2294 743 2348 Deflexit
766 2294 826 2361 jam
850 2294 1004 2361 aliquantu-

153 2371 209 2423 lum
223 2370 258 2424 de
282 2371 370 2438 spatio
389 2370 580 2438 curriculoque
599 2370 768 2423 consuetudo
788 2370 928 2438 majorum.
965 2371 1004 2424 Ti.

155 2446 294 2501 Gracchus
313 2464 426 2515 regnum
442 2463 574 2515 occupare
593 2450 707 2499 conatus
720 2450 771 2513 cst,
784 2447 827 2499 vel
842 2448 966 2514 regnavit
980 2448 1005 2500 is

153 2524 264 2591 quidem
277 2540 376 2592 paucos
389 2540 502 2577 menses.
538 2529 580 2575 41.
608 2524 681 2576 Num
701 2524 769 2592 quid
783 2524 870 2577 similo
888 2525 1005 2593 populus

155 2600 293 2653 Romanus
301 2601 427 2654 audierat
439 2603 488 2653 aut
500 2598 628 2653 viderat?
666 2600 748 2653 Hunc
759 2600 842 2653 etiam
855 2606 918 2668 post
933 2617 1005 2654 mor-

153 2678 210 2729 tem
237 2677 321 2730 secuti
347 2677 426 2730 amici
451 2681 479 2730 et
503 2676 649 2744 propinqui
678 2676 744 2746 quid
769 2677 798 2729 iu
823 2677 852 2729 P.
880 2677 1005 2744 Scipione

153 2752 292 2806 effecerint
304 2752 361 2805 siue
381 2753 498 2806 lacrimis
514 2769 568 2805 non
587 2752 656 2820 queo
676 2753 774 2808 dicere.
811 2752 836 2804 N
839 2768 882 2804 am
905 2753 1004 2806 Carbo

153 2844 215 2881 nem
228 2844 336 2897 quoquo
353 2829 434 2881 inodo
446 2829 585 2897 potuimus
601 2833 716 2897 proptor
734 2832 870 2883 recentem
889 2845 1004 2896 poenam
1084 2828 1086 2832 ’

154 2904 194 2959 Ti.
208 2903 322 2957 Gracchi
342 2906 526 2959 sustinuimus.
563 2905 605 2958 De
627 2905 761 2959 Gentem
783 2904 898 2958 Gracchi
918 2903 1004 2957 tribu-

153 2984 221 3032 natu
233 2979 300 3047 quid
313 2985 467 3048 exspectem
480 2997 534 3033 non
544 2980 612 3033 libet
621 2981 756 3048 augurari.
792 2979 884 3048 Serpit
903 2979 1004 3032 deinde

153 3072 205 3121 res,
224 3072 295 3124 quac
314 3056 459 3123 proclivius
478 3056 514 3107 ad
538 3056 686 3123 perniciem
706 3072 790 3123 quum
810 3055 894 3107 semol
913 3054 1003 3121 coepit

154 3130 262 3183 labitur.
298 3130 409 3184 Videtis
428 3132 456 3183 in
477 3129 579 3183 tabella
593 3130 653 3197 jam
672 3135 736 3183 ante
756 3132 859 3197 quanta
877 3129 949 3182 faeta
967 3130 1003 3183 sit

153 3205 236 3272 labes,
248 3206 336 3274 primo
349 3205 466 3259 Gabinia
485 3205 553 3273 lege,
570 3205 679 3259 biennio
702 3208 795 3259 autem
817 3206 881 3271 post
902 3203 1002 3259 Gassia

934 3473 954 3501 A
