2242 3542
143 77 157 116 4
179 31 350 143 ‘tamam
364 31 550 132 „tinam

113 155 160 201 136
422 152 472 201 Du
490 152 643 203 oramus

111 239 205 306 potest
226 238 327 289 modus
348 252 415 304 esse,
432 252 497 289 cum
517 239 545 289 et
566 236 643 289 idem
665 234 715 303 qui
736 238 906 289 consuerunt
927 239 956 291 et

111 317 188 370 idem
204 316 277 369 illud
296 316 345 369 alii
363 315 541 370 desideranti
577 316 653 371 XVI.
673 315 794 369 Omnino
814 316 872 369 duo
891 321 956 371 sunt

111 414 213 466 genera
229 400 378 466 largorum,
393 414 511 465 quorum
531 397 612 449 alteri
626 396 748 469 pfflffigh
762 396 842 450 alteri
857 398 955 451 libera-

111 480 166 531 les:
185 478 307 555 prodigi,
321 478 371 545 qui
386 478 477 546 epulis
491 482 519 529 et
531 476 764 530 viscerationibus
776 483 805 530 et
817 478 955 547 gladiato

110 575 172 610 rum
185 560 354 625 muneribus,
364 560 497 611 ludorum
508 558 746 626 venationumque
759 563 896 627 apparatu
908 576 955 629 pe·

79 687 82 691 ,
111 639 208 692 eunias
227 638 402 708 profundunt
416 638 446 690 in
464 655 511 691 eas
529 654 580 705 ree,
594 654 712 705 quarum
727 640 890 692 memoriam
906 645 955 693 aut

111 720 223 773 brevem
238 725 287 773 aut
299 721 406 771 nullam
421 718 535 771 omnino
550 718 608 771 sint
620 719 751 787 relicturi,
765 722 807 774 56.
826 720 955 791 liberales

110 806 212 868 autem,
226 801 276 869 qui
290 800 346 853 suis
360 799 542 853 facultatibus
556 805 606 852 aut
621 804 718 870 captos
733 817 749 853 a
763 801 954 869 praedonibus

110 882 252 935 redimunt
264 887 313 933 aut-
328 897 374 934 aes
389 881 512 933 alienum
526 880 683 950 suscipiunt
698 880 850 933 amicorum
863 885 912 933 aut
923 881 954 932 in

110 962 230 1014 filiarum
249 961 434 1014 collocatione
452 961 590 1014 adiuvant
608 965 657 1014 aut
675 961 850 1030 opitulantur
864 962 909 1013 vel
923 960 954 1012 in

110 1057 139 1093 re
153 1044 311 1110 quaerenda
325 1043 368 1094 vel
382 1043 520 1110 augenda
548 1042 648 1110 Itaque
661 1041 746 1094 miror
757 1040 828 1109 quid
838 1040 868 1091 in
879 1056 953 1093 men-

110 1126 167 1173 tem
182 1122 289 1175 venerit
304 1123 498 1191 Theophrasto
512 1122 543 1173 in
558 1139 591 1174 eo
610 1122 690 1188 libro,
705 1138 788 1189 quem
804 1122 863 1173 “de
883 1120 954 1175 divi-

110 1202 178 1253 tiis”
196 1202 322 1271 scripsit:
340 1203 371 1254 in
387 1218 443 1270 quo
462 1204 551 1254 multa
568 1204 717 1271 praeclare,
732 1202 805 1255 illud
824 1202 952 1254 absurde.

110 1284 161 1335 Est
173 1283 247 1335 enim
260 1285 366 1337 multus
377 1284 408 1336 in
420 1285 563 1336 laudando
577 1282 784 1352 nvagnificentia
800 1288 827 1335 et
839 1298 954 1352 appara-

110 1364 187 1417 tione
205 1365 384 1434 popularium
401 1381 547 1417 munerum
565 1364 720 1431 taliumque
738 1368 899 1432 sumptuum
915 1364 954 1415 sa-

110 1447 244 1498 cultatem
261 1446 382 1499 fructum
402 1445 566 1497 divitiarum
582 1449 670 1514 putat.
707 1443 779 1496 Mihi
798 1450 891 1495 autem
905 1442 953 1496 ille

110 1523 216 1578 hactus
230 1526 412 1591 liberalitatis,
426 1525 505 1578 cuius
518 1541 607 1593 pauca
619 1525 748 1593 exempla
760 1523 851 1592 posui,
861 1524 953 1576 multo

110 1610 139 1657 et
153 1606 242 1657 maior
257 1606 369 1658 videtur
387 1611 415 1657 et
429 1606 538 1657 certior.
578 1606 690 1671 Quanto
706 1604 873 1656 Aristotcles
891 1620 953 1673 gra-

111 1686 173 1738 vius
193 1691 220 1738 et
237 1686 329 1739 verius
347 1702 400 1738 nos
417 1687 614 1755 reprehendit!
633 1686 683 1754 qui
701 1686 752 1738 has
770 1685 953 1754 pecuniarum

110 1766 257 1819 effusiones
278 1783 336 1819 non
358 1766 536 1831 admiremur,
552 1783 624 1834 quae
645 1767 717 1819 fiunt
738 1767 776 1818 ad
795 1765 952 1819 multitudi-

110 1862 174 1897 nem
192 1846 396 1899 delenicudam.
434 1848 497 1898 “At
514 1846 544 1913 ii,
558 1846 607 1915 qui
626 1848 662 1899 ab
681 1847 760 1899 hoste
778 1845 952 1911 obsidentur,

110 1927 134 1978 si
153 1943 242 1979 emere
262 1943 350 1994 aquae
368 1927 520 1979 sextarium
540 1932 678 1996 cogantur
693 1926 776 1994 mina,
789 1926 844 1978 hoc
859 1925 952 1994 primo

110 2008 211 2060 auditu
225 2008 392 2061 incredibile
407 2007 489 2060 nobis
504 2007 596 2060 videri
611 2022 762 2073 onmesque
777 2006 879 2073 mirari,
892 2007 951 2074 sed,

110 2103 173 2139 eum
187 2088 367 2155 attenderint,
376 2087 485 2141 veniam
500 2086 659 2140 necessitati
672 2087 746 2152 dare,
756 2086 786 2138 in
798 2086 844 2139 his
855 2086 952 2139 imma-

110 2168 194 2220 nibus
207 2169 322 2221 iucturis
336 2168 509 2236 infinitisque
525 2168 684 2237 sumptibus
699 2167 770 2219 nihil
783 2184 834 2219 nos
848 2183 952 2237 magno

110 2265 193 2318 opere
209 2249 311 2315 mirari,
325 2266 387 2301 cum
400 2249 562 2318 praesertim
576 2264 667 2315 neque
681 2248 838 2301 necessitati
855 2248 952 2303 subve-

109 2329 203 2380 niatur
222 2344 273 2381 nec
294 2328 419 2397 dignitas
439 2336 575 2398 augeatur
594 2328 710 2398 ipsaque
729 2329 779 2381 illa
801 2329 953 2381 delectatio

110 2409 301 2461 multitudinis
319 2409 356 2461 sit
374 2411 412 2461 ad
427 2410 510 2463 breve
529 2410 718 2479 exiguumque
736 2414 847 2478 tempus
864 2426 952 2476 eaque

109 2506 126 2542 a
141 2489 280 2542 levissimo
296 2505 415 2557 quoqne,
429 2489 459 2541 in
475 2506 530 2558 quo
542 2495 636 2543 tamen
648 2490 710 2559 ipso
725 2506 781 2541 una
794 2505 857 2541 cum
873 2491 951 2542 satie-

109 2575 167 2621 tate
180 2569 313 2621 memoria
324 2585 436 2637 quoque
449 2570 585 2623 moriatur
597 2570 777 2639 voluptatis.’²
814 2573 856 2623 57.
875 2572 951 2623 Beue

110 2650 194 2702 etiam
209 2650 320 2718 colligit
333 2650 427 2703 “haec
442 2650 536 2719 pueris
550 2657 579 2703 et
594 2650 765 2704 mulierculis
779 2655 808 2704 et
822 2651 909 2704 servis
922 2656 951 2704 et

109 2746 250 2783 servorum
266 2729 416 2783 simillimis
430 2731 526 2784 liberis
544 2748 603 2784 esse
622 2738 710 2801 grata,
723 2732 803 2801 gravi
817 2748 884 2784 vero
902 2733 951 2785 ho

109 2812 176 2863 mini
200 2818 228 2863 et
246 2827 371 2878 eaquae
389 2812 468 2878 fiunt,
481 2812 589 2865 iudicio
608 2817 683 2865 certo
702 2812 871 2880 ponderanti
888 2828 951 2881 pro-

24 2917 28 2925 ·
110 2891 170 2943 bari
194 2907 274 2959 posse
298 2892 375 2943 nullo
402 2892 515 2945 modo.”
561 2893 737 2959 Quamquam
760 2891 896 2961 intellego
919 2892 950 2945 in

109 2975 204 3021 nostra
225 2970 340 3023 civitate
360 2970 525 3024 inveterasse
546 2972 603 3025 iam
623 2971 703 3023 bonis
721 2973 902 3039 temporibus,
918 2980 951 3027 ut
1007 3008 1011 3013 -

110 3050 243 3115 splendor
255 3050 433 3103 aedilitatum
445 3050 481 3103 ab
497 3050 612 3119 optimis
625 3050 692 3103 viris
703 3053 869 3119 postuletur.
894 3054 950 3106 Ita-

110 3142 164 3196 que
184 3135 212 3183 et
230 3131 262 3185 P.
276 3131 390 3184 Crassus
409 3145 473 3184 cum
492 3130 660 3202 cognomine
680 3129 759 3185 dives
777 3136 839 3185 tum
859 3132 961 3203 copiis.
