2242 3542
159 150 190 201 78
472 144 521 197 DE
538 146 691 199 OFFICIIS

158 239 262 287 utnon
278 230 411 299 ineunda,
422 228 472 284 sed
487 230 633 285 referenda
650 230 688 283 sit
702 228 802 299 gratia,
812 226 901 281 maior
919 242 1008 296 quae·

159 316 225 368 dam
241 330 307 367 cura
326 312 490 365 adhibenda
504 317 554 365 est.
592 312 711 364 Nullum
729 309 805 363 enim
823 307 948 361 officinm
964 325 1009 360 re·

158 394 273 448 ferenda
284 393 376 463 gratia
388 392 478 462 magis
491 391 677 445 necessarium
689 395 740 443 est.
771 392 814 443 48,
826 390 910 455 Quod
923 387 949 440 si
961 406 1007 456 ea,

159 492 230 545 quae
240 475 346 528 utenda
358 472 506 542 acceperis,
515 472 619 525 maiore
628 486 763 539 mensura,
771 470 795 523 si
807 470 893 523 modo
902 469 1006 539 possis,

158 557 236 609 iubet
254 556 371 609 reddere
390 554 539 621 Hesiodus,
550 554 686 621 quidnam
703 552 838 605 beneficio
855 551 1006 621 provocati
1058 607 1062 612 ,

157 636 248 691 facere
267 636 421 688 debemusl
440 651 476 687 an
495 633 598 687 imitari
619 649 702 704 agros
715 633 828 699 fertiles,
841 631 891 700 qui
910 633 1005 685 multo

158 719 221 788 plus
230 717 347 771 efferunt
357 732 442 784 quam
454 718 640 785 acceperuntl
666 714 778 767 Etenim
790 714 854 767 siin
865 730 920 782 eos,
929 730 1002 781 qnos

158 814 300 868 speramus
312 796 395 849 nobis
407 795 576 865 profuturos,
587 812 643 848 non
656 795 819 849 dubitamus
831 794 924 847 officia
935 810 1003 847 con·

157 879 234 947 ferra,
245 879 342 948 quales
353 878 384 930 in
397 894 444 933 eos
456 893 515 930 esse
528 878 671 945 debemus,
682 878 732 945 qui
744 877 801 931 iam
812 876 1002 945 profuerunt?

157 962 231 1013 Nam
249 977 314 1013 cum
332 960 390 1013 duo
408 975 511 1029 genera
529 958 708 1012 liberalitatis
725 958 790 1026 sint,
805 974 892 1011 unum
910 957 1002 1010 dandi

159 1041 292 1109 beneficii,
303 1042 421 1097 alterum
434 1040 581 1113 reddendi,
593 1041 691 1093 demus
703 1055 790 1091 necne
802 1039 832 1091 in
845 1045 941 1091 nostra
950 1054 1001 1107 po·

157 1128 257 1175 testate
273 1127 328 1174 est:
347 1136 405 1173 non
417 1120 534 1173 reddere
547 1121 608 1173 viro
621 1122 697 1173 bono
711 1136 767 1171 non
780 1120 856 1186 licet,
868 1120 953 1171 modo
968 1119 1001 1171 id

157 1200 248 1255 facere
261 1200 351 1270 possit
363 1200 423 1253 sine
438 1200 548 1254 iniuria.
586 1202 629 1255 49.
643 1202 832 1270 Acceptorum
846 1206 940 1252 antem
951 1199 1001 1251 be-

157 1281 320 1335 neficiorum
340 1285 404 1334 sunt
423 1282 549 1335 delectus
567 1282 700 1349 habendi,
716 1297 767 1334 nec
789 1280 908 1334 dubium
929 1280 1001 1348 quin

158 1363 281 1417 maximo
295 1362 396 1431 cuique
408 1362 560 1433 plurimum
574 1363 715 1415 debeatur.
746 1363 780 1414 In
793 1378 849 1429 quo
862 1367 955 1413 tamen
968 1360 1000 1412 in
1063 1396 1067 1401 -

157 1443 254 1512 primis
267 1459 323 1511 quo
336 1442 454 1512 quisque
468 1444 571 1509 animo,
582 1442 685 1510 studio,
696 1442 891 1497 benevolentia
902 1441 1000 1494 fecerit

157 1524 372 1593 ponderandum
387 1530 436 1577 est.
473 1524 557 1577 Multi
572 1524 650 1576 'enim
665 1523 772 1576 faciunt
786 1524 876 1579 multa
890 1522 1001 1575 temeri·

158 1608 215 1656 tate
231 1604 360 1671 quadam,
372 1603 430 1655 sino
446 1603 553 1657 iudicio
569 1605 615 1658 vel
630 1605 728 1656 morbo
743 1603 773 1655 in
787 1619 883 1656 omnes
897 1602 943 1654 uel
958 1618 1000 1655 rc·

158 1683 273 1753 pentino
293 1684 417 1750 quodam
436 1683 516 1750 quasi
534 1689 619 1738 vento
641 1684 749 1753 impetn
768 1684 856 1736 animi
873 1682 999 1737 incitati:

158 1779 230 1831 quae
245 1762 380 1815 beneficia
395 1778 482 1831 acque
497 1780 671 1833 magnanon
687 1768 752 1817 sunt
766 1764 898 1816 habenda
913 1769 999 1831 atque

157 1860 197 1911 ea,
208 1859 278 1911 quae
290 1842 404 1910 iudicio,
414 1844 588 1898 considerate
597 1850 811 1913 constanterque
820 1845 914 1909 delata
924 1851 999 1899 sunt.

158 1925 213 1978 Sed
232 1925 262 1977 in
281 1924 447 1977 collocando
465 1926 601 1979 beneficio
616 1931 644 1978 et
658 1925 688 1977 in
703 1925 848 1979 referenda
861 1925 960 1994 gratia,
973 1925 1001 1977 si

155 2011 246 2057 cetera
262 2004 341 2073 paria
358 2010 432 2071 sunt,
446 2006 500 2058 hoc
519 2004 640 2066 maxime
658 2003 744 2057 officii
762 2010 812 2072 est,
825 2011 857 2059 ut
876 2004 998 2073 quisque

154 2085 274 2139 inanime
298 2084 360 2155 opis
380 2085 577 2155 indigentiis
598 2085 623 2138 ei
646 2085 822 2154 potissimum
847 2085 998 2155 opitulari:

155 2165 233 2231 quod
252 2170 349 2217 contra
367 2163 399 2216 fit
415 2181 431 2217 a
446 2164 594 2233 plerisque.
628 2165 655 2215 A
673 2179 730 2231 quo
751 2163 826 2215 enim
844 2163 998 2232 plurimum

156 2250 275 2313 sperant,
286 2244 371 2297 etiam
384 2244 408 2295 si
421 2245 468 2297 ille
481 2244 515 2296 iis
527 2261 585 2297 non
595 2249 668 2313 eget,
678 2250 772 2296 tamen
785 2244 811 2295 ei
820 2243 998 2312 potissimum

157 2324 319 2377 inserviunt.
540 2386 542 2391 ,

141 2442 145 2471 2
190 2404 266 2458 XVI.
289 2407 331 2457 50.
349 2403 461 2472 Optime
474 2409 568 2457 antem
580 2404 698 2458 societas
706 2403 854 2457 hominnm
866 2415 998 2456 coniunc-

136 2515 142 2546 -ς
157 2484 252 2552 tioque
272 2483 435 2551 servabitur,
450 2484 481 2551 si,
494 2488 526 2536 ut
542 2484 660 2552 quisque
676 2485 729 2537 erit
744 2484 997 2550 coniunctissimus,

141 2564 195 2618 ita
216 2564 246 2616 in
268 2581 332 2616 eum
355 2564 539 2633 benignitatis
560 2565 714 2633 plurimum
738 2564 903 2619 conferetur.
941 2565 998 2617 Sed

158 2661 227 2713 qnae
245 2649 343 2697 natura
357 2644 497 2714 principie
514 2644 571 2697 sint
586 2645 795 2698 communitatis
813 2649 842 2698 et
856 2645 999 2698 societatis

159 2727 293 2779 humanae
312 2728 495 2796 repetendum
515 2726 629 2779 videtur
650 2726 740 2782 altius.
777 2728 828 2778 Est
849 2726 923 2778 enim
941 2725 997 2794 pri·

158 2822 241 2871 mum,
254 2807 333 2872 quod
348 2807 470 2859 cernitur
484 2806 514 2857 in
527 2806 648 2859 universi
663 2807 772 2875 generis
784 2806 900 2859 humani
912 2806 998 2859 socic-

158 2890 222 2938 tate.
259 2884 329 2937 Eius
348 2890 441 2938 autem
458 2886 601 2937 vinculum
619 2892 661 2937 est
678 2886 748 2938 ratio
767 2892 797 2938 et
814 2886 912 2952 oratio,
926 2902 998 2954 quae

158 2964 294 3032 docenda
309 2965 452 3031 discenda,
463 2966 705 3032 communicando,
719 2967 912 3035 disceptando,
925 2967 997 3020 iudi-

158 3046 248 3098 cando
261 3045 394 3098 conciliat
404 3044 476 3097 inter
488 3062 516 3098 se
526 3044 654 3097 homines
666 3045 869 3113 coniungitque
878 3048 997 3099 naturali

161 3126 280 3185 quadam
292 3125 434 3194 societate,
444 3140 534 3195 neque
547 3126 605 3177 ulla
615 3140 643 3174 rc
654 3124 765 3190 longius
778 3126 911 3179 absumus
922 3144 939 3179 a
952 3144 998 3180 na·
