2242 3542
449 127 499 177 DE
516 126 669 177 OFFICIIS

137 215 242 263 uantur
262 228 276 263 1
297 215 377 277 terra,
393 215 425 263 ut
445 212 501 270 alia
520 212 630 282 generis
649 211 781 279 eiusdem,
796 215 901 280 partlm
921 207 979 265 ani·

136 290 228 357 malie,
243 306 314 358 quae
333 291 438 343 habent
456 308 520 344 arros
538 292 661 361 impetus
679 295 707 344 et
721 307 813 343 rerum
827 292 980 361 appetitus.

136 372 248 438 norum,
258 376 351 425 autem
365 372 421 424 alia
435 373 552 425 rationis
567 372 693 443 expertia
711 377 784 440 sunt,
798 372 853 425 alia
871 373 981 425 rationo

137 451 252 506 utentia.
289 452 426 522 Expertes
446 452 565 506 rationis
585 453 658 522 equi,
676 454 770 520 boves,
787 452 910 521 reliquae
931 470 981 522 pe

137 532 229 598 eudes,
245 548 319 601 apes,
335 548 453 600 quarum
473 550 556 603 opere
576 532 694 585 efficitur
713 532 823 600 aliquid
842 533 879 586 ad
897 549 980 585 usum

137 612 282 664 hominnm
298 613 489 681 atquevitam.
526 613 647 667 Ratione
661 619 755 667 autem
770 614 908 666 utentium
921 614 981 665 duo

136 708 239 759 genera
268 698 385 762 ponunt,
411 695 528 747 deorum
558 711 653 762 unum,
677 696 796 747 alterum
824 694 980 749 hominum.
1026 744 1029 748 ,

137 773 211 825 Deos
225 774 351 842 placatos
365 774 455 843 pietas
473 774 574 827 efficiet
589 781 618 828 et
633 775 775 843 sanctitas,
787 775 914 844 proxime
932 791 982 827 au·

136 859 193 905 tcm
215 860 243 906 et
262 856 415 909 secundum
438 856 506 909 deos
526 857 654 909 homines
674 857 837 909 hominibus
857 856 981 909 maxime

136 934 219 987 utiles
238 952 295 990 esse
313 942 437 1007 possunt.
476 940 517 993 12.
536 939 695 1005 Earumque
709 938 778 991 item
793 954 891 1004 rerum,
907 954 982 1005 quae

137 1024 254 1071 noceant
269 1024 296 1070 ot
315 1018 416 1087 obsint,
431 1020 528 1072 eadem
543 1018 648 1071 divisio
667 1024 716 1073 cst.
755 1019 810 1072 Sed
825 1018 892 1088 quia
911 1019 982 1071 deos

136 1113 235 1151 nocere
256 1116 312 1151 non
331 1104 441 1169 putant,
460 1101 504 1152 his
526 1100 650 1170 exceptis
670 1100 798 1154 homines
817 1099 982 1152 hominibus

137 1177 233 1231 obessa
259 1180 411 1248 plurimum
438 1180 615 1235 arbitrantur.
651 1182 694 1233 Ea
719 1184 795 1234 enim
819 1180 888 1250 ipsa,
907 1196 981 1249 quae

136 1257 260 1311 inanima
279 1259 410 1327 diximus,
426 1262 559 1330 pleraque
581 1267 647 1314 srrnt
665 1261 811 1314 hominum
830 1260 922 1330 operis
941 1260 981 1313 ef-

136 1338 216 1405 fecta,
230 1357 300 1409 quac
315 1358 366 1395 nec
381 1344 553 1411 haberemus,
567 1344 621 1397 nisi
636 1360 735 1396 manus
749 1349 778 1396 et
793 1360 836 1395 ars
850 1341 981 1395 11111111-

136 1428 185 1490 sct,
201 1439 253 1476 nec
271 1423 306 1477 iis
327 1424 386 1477 sinc
405 1425 551 1478 hominum
569 1425 813 1478 administratione
830 1430 979 1478 uteremur.

136 1503 235 1571 Neque
254 1505 329 1557 enim
347 1506 518 1560 valetudinis
536 1505 643 1557 curatio
661 1522 751 1573 neque
769 1503 915 1573 navigatio
932 1520 981 1557 ne·

137 1599 191 1650 qne
210 1584 270 1657 agri
285 1587 393 1655 cultura
412 1602 501 1654 neque
516 1585 630 1655 frugum
643 1586 840 1654 fructuumque
858 1585 980 1653 reliquo

137 1680 197 1715 rum
210 1667 353 1734 perceptio
368 1674 395 1719 et
408 1667 581 1719 conservatio
594 1666 652 1719 sine
665 1666 811 1719 hominum
825 1682 909 1735 opera
921 1667 981 1717 ulla

137 1761 193 1797 esse
208 1745 357 1814 potuisset
393 1749 432 1800 13.
452 1749 510 1800 Iam
526 1764 592 1799 vero
610 1754 639 1801 et
657 1764 750 1800 aarum
764 1763 863 1813 rerum,
877 1746 982 1813 quibua

137 1826 349 1895 abundaremus,
366 1827 522 1896 exportatio
541 1833 570 1881 et
588 1844 690 1894 earum,
707 1828 809 1895 quibus
827 1842 980 1897 egeremus,

137 1906 258 1960 invectio
273 1912 347 1960 certo
362 1909 439 1960 nulla
454 1912 533 1975 11111,
545 1907 602 1959 nisi
617 1908 661 1960 his
676 1908 837 1961 muneribus
852 1907 981 1959 homines

137 1987 325 2057 fungerentur.
363 1988 525 2055 Eademque
543 1989 651 2041 ratione
666 2004 718 2041 nec
732 1989 842 2058 lapides
856 2005 890 2041 cx
904 1993 980 2040 terra

137 2070 330 2123 exciderentur
342 2069 379 2122 ad
389 2086 470 2123 usum
479 2074 606 2121 nostrum
618 2070 771 2135 necessarii,
781 2086 831 2123 nec
843 2073 858 2097 “
867 2069 980 2135 ferrum,

137 2166 305 2217 1111111111,
318 2151 485 2219 argentum'’
500 2148 667 2201 effoderetur
680 2154 695 2177 “
703 2151 815 2218 penitus
827 2150 958 2203 abditum
964 2151 980 2177 ‘’

137 2230 195 2282 sine
213 2231 358 2283 hominurn
377 2230 470 2283 labore
489 2234 517 2283 et
534 2246 627 2283 manu.
663 2230 712 2283 IV.
732 2231 817 2283 Tecta
832 2247 905 2295 vero,
918 2230 981 2299 qui-

138 2310 189 2362 bus
211 2317 238 2363 11
256 2311 392 2380 frigorum
411 2310 454 2361 vis
475 2312 626 2379 pelleretur
644 2315 673 2362 et
694 2312 817 2363 calorum
835 2312 981 2363 molestiae

137 2391 305 2457 sedarentur,
320 2390 395 2442 unde
411 2396 458 2442 aut
473 2390 555 2442 initio
574 2390 669 2459 generi
683 2390 806 2443 humano
822 2391 883 2443 dari
898 2397 979 2460 potu-

137 2469 223 2521 issent
241 2475 289 2521 ant
307 2474 403 2538 postea
422 2470 570 2538 subveniri,
586 2470 612 2523 si
629 2475 678 2525 aut
692 2472 722 2523 vi
737 2471 911 2540 tempestatis
929 2479 981 2523 aut

136 2556 224 2603 terrae
243 2559 320 2601 motu
340 2554 396 2601 aut¹
407 2556 544 2603 vetustate
562 2550 736 2615 cecidissent,
750 2552 804 2603 nisi
823 2551 981 2604 communis

137 2634 197 2683 vita
215 2631 251 2683 ab
270 2630 429 2683 hominibus
446 2630 544 2683 harum
562 2648 654 2683 rerum
671 2632 776 2684 auxilia
793 2637 886 2700 petere
905 2630 981 2683 didi-

137 2711 238 2765 cissetl
277 2710 317 2764 14.
337 2711 420 2764 Adde
440 2711 541 2763 ductus
561 2728 705 2779 aquarum,
721 2711 909 2764 derivationes
927 2711 981 2763 flu-

137 2792 251 2857 minum,
268 2808 397 2860 agrorum
418 2792 601 2860 irrigationes,
617 2794 704 2845 moles
725 2791 869 2861 oppositas
887 2792 981 2844 flucti-

138 2874 196 2940 bus,
213 2878 311 2942 portus
333 2888 416 2925 rnanu
437 2871 535 2939 factos,
552 2889 625 2939 quae
649 2873 724 2924 undo
749 2873 809 2924 sine
834 2872 982 2925 hominum

138 2969 219 3022 opere
238 2953 340 3005 lrabere
359 2954 520 3021 possemus?
556 2954 601 3003 Ex
621 2953 723 3019 quibus
744 2952 895 3020 multisque
916 2952 981 3004 aliis

138 3032 315 3101 perspicuum
334 3037 383 3098 est,
397 3031 446 3097 qui
460 3031 568 3084 fructus
587 3048 713 3100 quaeque
732 3032 869 3085 utilitates
886 3049 922 3085 ex
940 3049 978 3084 re·

139 3112 247 3178 basiis,
261 3127 331 3181 quaa
347 3117 412 3164 sunt
424 3111 570 3179 inanimae,
583 3112 781 3183 percipiantur,
794 3130 841 3168 cas
855 3129 907 3167 111
919 3114 990 3181 nulf.
