2242 3542
78 3 462 205 “Tllffl
460 61 542 199 ιι
500 150 605 201 ιιι
644 153 690 202 ι
668 13 919 197 ,tneo

126 269 144 314 b
159 242 205 288 tur
216 235 275 287 iure
289 240 339 305 opt
340 235 396 288 imo
408 252 490 305 posse
504 235 620 289 laudari.
652 236 784 289 Omnium
797 244 891 289 autem
903 254 1000 307 rerum,

158 335 192 370 cx
206 316 307 385 quibus
320 317 430 385 aliquid
443 316 604 383 acquiritur,
614 316 685 368 nihil
698 322 740 369 est
752 317 813 387 agri
826 319 937 371 cultura
948 336 999 372 me·
1017 337 1052 372 a«

20 376 22 463 l
67 414 84 499 q
157 400 218 466 lius,
235 397 306 449 nihil
325 398 446 463 uberius,
463 397 534 449 nihil
555 397 673 462 dulcius,
691 396 763 448 nihil
782 398 895 450 homine
914 400 1001 452 libero

20 472 22 529 l
70 500 74 517 ι
96 480 101 491 “
157 480 279 549 dignius
300 480 336 531 de
358 494 413 547 qua
435 478 570 545 quoniam
591 478 620 529 in
638 480 769 531 “Catone
790 479 920 532 mai01·e''
936 482 1001 535 setis

156 562 244 613 multa
267 560 399 626 diximus,
416 558 496 611 illinc
518 559 648 611 adsumes
666 575 737 627 quac
759 560 797 611 ad
816 560 891 613 hunc
910 563 1001 617 locum

130 648 218 787 &pert
207 642 343 694 tinebant.

191 723 292 775 XLIII.
332 724 390 775 152
417 720 471 773 Sed
491 720 563 773 ab
544 738 580 773 ns
598 721 733 789 partibus
748 737 819 789 quac
837 727 903 775 sunt
919 724 999 777 hone

155 806 234 857 statis
236 820 339 873 ,quem
357 803 392 856 ad
409 802 526 854 modum
542 801 633 854 officia
648 802 878 855 ducerenturt
835 821 865 857 sa
867 805 902 855 tis
917 821 999 873 expo

155 886 239 939 situm
254 885 373 939 videtur.
411 885 517 936 Eorum
536 888 631 935 autem
648 883 782 952 ipsorum,
797 900 868 951 quae
885 885 1002 938 honesta

155 972 227 1032 sunt,
238 973 331 1037 potest
343 966 467 1019 incidere
482 980 564 1033 saepe
580 965 725 1017 contentio
740 971 769 1017 et
781 966 954 1034 comparatio
967 967 1001 1019 de

156 1049 266 1100 duobus
279 1048 403 1100 honestis
416 1051 509 1099 utrum
522 1044 676 1112 honestius,
685 1046 735 1113 qui
747 1047 826 1099 locus
837 1063 854 1098 a
866 1047 1001 1099 Panaetio

156 1136 197 1180 est
213 1129 432 1197 praetermissus.
470 1128 544 1198 Nam
564 1142 628 1178 cum
647 1126 739 1179 omnis
757 1127 890 1182 honestas
907 1132 1001 1179 manet

156 1227 172 1262 a
186 1210 314 1279 partibus
330 1213 471 1277 quattuor,
482 1224 600 1277 quarum
615 1224 672 1259 uua
686 1211 729 1259 est
744 1207 925 1277 cognitionis,
935 1209 1000 1261 alte

155 1308 186 1343 ra
201 1291 416 1359 communitatis,
430 1290 513 1343 tertia
528 1288 778 1358 magnanimitatis,
792 1292 893 1355 quarta
906 1290 1001 1341 mede-

155 1372 279 1439 rationis,
294 1372 407 1424 haecrn
424 1370 576 1440 deligendo
592 1368 685 1421 officio
700 1385 782 1437 saepe
796 1369 870 1421 inter
884 1385 913 1421 se
928 1385 1000 1421 com-

129 1498 135 1503 .
176 1458 288 1507 arentur
303 1469 414 1506 necesse
432 1458 480 1505 ast.
520 1454 578 1505 153
602 1452 699 1504 Placet
713 1450 802 1528 igitur
818 1451 928 1520 aptiora
942 1468 1001 1504 esse

154 1540 270 1587 naturae
282 1552 314 1587 ea
327 1534 425 1602 officia,
434 1550 504 1604 quae
518 1550 552 1585 cx
565 1531 766 1585 communitate
768 1548 867 1599 ‚quam
880 1548 920 1598 ea,
930 1548 1001 1601 quae

155 1631 189 1666 ex
208 1615 369 1684 cognitione
386 1617 531 1683 ducantur,
544 1614 630 1683 idque
646 1614 700 1665 hoc
719 1619 884 1681 argomento
902 1612 1001 1665 confir·

140 1695 224 1747 meri
236 1700 334 1764 potest.
373 1696 456 1761 Quod
469 1696 493 1747 si
505 1695 656 1765 contigerit
668 1712 700 1747 ea
712 1694 772 1746 vita
787 1694 916 1763 sapienti,
926 1699 959 1745 ut
971 1694 1002 1747 in

155 1776 279 1828 omnium
303 1792 394 1829 rerum
417 1776 606 1829 adfluentibus
630 1775 727 1845 copiis
747 1774 876 1843 quamvis
897 1775 1002 1841 omnia,

154 1873 224 1925 quac
244 1858 407 1926 cognitione
424 1857 512 1926 digna
531 1863 605 1924 sunt,
621 1873 729 1909 summo
749 1856 808 1908 otio
827 1873 922 1908 secum
939 1856 1003 1925 ipse

154 1937 311 1990 consideret
330 1943 358 1990 et
375 1939 587 2006 contempletur,
607 1941 708 1998 tamen,
728 1937 853 1989 solitudo
874 1936 900 1988 si
920 1941 1003 1990 tanta

153 2018 197 2081 sit,
217 2023 249 2072 ut
271 2019 414 2071 hominem
436 2018 532 2071 videre
556 2034 614 2070 non
635 2017 732 2087 possit,
752 2018 870 2071 excedat
895 2035 910 2071 e
931 2019 1002 2073 vita.

153 2100 340 2167 Princepsque
354 2098 478 2151 omnium
490 2098 627 2151 virtutum
642 2103 685 2151 est
697 2098 746 2149 illa
758 2098 904 2167 sapientia,
915 2116 1004 2167 quam

153 2187 244 2248 σοφίαν
260 2180 358 2233 Graeci
373 2186 489 2234 vocant:
509 2180 689 2249 prudentiam
703 2179 785 2245 enim,
799 2195 883 2247 quam
899 2180 1004 2233 Graeci

153 2266 275 2329 φρόνησιν
285 2261 391 2327 dicunt,
402 2260 486 2313 aliam
498 2262 650 2329 qnamdam
662 2260 861 2329 intellegimus
872 2277 945 2328 quae
958 2268 1005 2315 est

153 2357 244 2393 rerum
269 2343 489 2409 expetendarum
510 2341 763 2409 fugiendarumque
788 2341 921 2395 scientia:
949 2342 1005 2395 illa

135 2409 246 2473 fantem
262 2421 406 2489 sapientia,
418 2437 502 2488 quam
514 2421 672 2490 principem
684 2420 754 2487 dixi,
766 2437 856 2473 rerum
870 2428 914 2475 est
927 2423 1006 2475 divi-

154 2518 251 2552 narum
267 2506 294 2553 et
310 2502 493 2553 humanarum
509 2501 674 2569 scientiam
689 2518 744 2569 qua
759 2502 920 2555 continetur
935 2505 1005 2556 deo

133 2598 215 2661 prum
234 2585 262 2633 et
277 2581 423 2633 hominum
442 2582 627 2635 communitas
645 2586 674 2633 et
688 2582 807 2635 societas
823 2582 898 2636 inter
915 2583 1004 2652 ipsos

153 2662 193 2713 Ea
204 2662 225 2713 si
239 2663 361 2715 maxima
375 2668 464 2729 estut
476 2669 525 2729 est,
535 2669 609 2716 certe
621 2679 732 2715 necesse
745 2668 795 2730 est,
804 2664 881 2732 quod
895 2681 912 2717 a
925 2681 1006 2717 com-

135 2742 273 2855 ,munitt
232 2744 396 2795 educa
385 2749 430 2795 ιιι
452 2743 583 2810 officium,
602 2744 633 2795 id
654 2760 712 2796 csse
733 2744 895 2798 maximum.
935 2746 1006 2797 Ete-

135 2839 211 2879 ιιιιιιι
226 2824 351 2893 cognitio
364 2825 544 2893 contemplat
537 2842 621 2917 mque
634 2829 749 2878 naturae
761 2841 861 2877 manca
874 2826 1005 2894 quodam

152 2906 237 2956 modo
257 2911 341 2973 atque
357 2905 490 2957 incohata
507 2906 551 2971 sit,
565 2906 590 2957 si
607 2907 685 2958 nulla
704 2905 778 2959 aetio
796 2922 888 2958 rerum
905 2922 1005 2959 conse·

137 2989 261 3055 quatur
298 2985 340 3036 Ea
353 2990 445 3037 autem
459 2986 533 3037 actio
546 2985 575 3037 in
589 2987 735 3038 hominum
750 2986 907 3039 commodis
921 2994 1004 3039 tucn

142 3064 198 3135 ,uis
218 3066 339 3117 maxime
361 3065 499 3119 cernitur:
526 3067 650 3134 pe1tiuet
668 3067 758 3136 igitur
777 3068 815 3119 ad
835 3068 1005 3121 societatem

142 3136 263 3210 lgeneris
284 3144 414 3197 humani:
440 3162 506 3215 crgo
529 3146 599 3199 haec
620 3146 778 3217 cognitioni
800 3148 1006 3219 anteponenda

76 2877 110 2957 ‘xo
135 2859 138 2917 l
