2242 3542
118 141 145 187 ll
193 135 196 144 “
341 138 379 186 Μ,
397 136 525 185 TULLII
546 136 738 185 closaonrs

115 217 180 270 dum
203 217 243 270 ita
266 216 406 284 gauderet,
427 214 493 268 nihil
513 215 618 283 agitare
640 221 740 290 mente,
762 219 829 272 nihil
853 218 967 284 ratione,

115 291 180 346 nihil
202 293 366 357 cogitatione
387 294 516 354 consequi
533 297 634 360 posset.
670 294 802 358 Quocirca
820 294 887 346 nihil
907 309 969 345 csse

116 368 173 417 tant
187 363 351 417 detestabile
364 366 475 430 tamque
487 364 647 432 pestiferum
657 381 737 431 quam
747 363 916 429 voluptatem
926 381 932 424 3
944 362 968 412 si

117 439 227 508 quidem
244 457 285 505 ea,
301 456 384 509 quum
401 439 488 507 major
505 446 580 493 esset
596 444 679 507 atique
695 438 873 506 longinquior,
888 453 969 489 omne

117 517 199 569 animi
216 517 308 570 lumen
324 516 534 583 exstingueret.”
572 516 649 576 Haec
662 533 723 568 cum
737 517 767 566 0.
781 515 879 568 Pontio
892 513 970 566 Sam-

116 589 182 653 nite,
202 591 281 655 patre
300 591 361 654 eJ'us
380 605 397 640 a
415 605 469 656 quo
489 587 612 640 Caudino
630 587 733 655 praelio
752 587 797 655 Sp.
812 586 968 639 Postumius
1073 590 1077 595 ”

117 663 146 716 Τ.
159 664 292 716 Veturius
310 663 433 716 consules
451 665 573 731 superati
591 668 662 730 suut,
680 663 803 717 locutum
817 663 966 729 Archytam

118 740 259 792 Nearchus
284 740 453 806 Tarentinus,
477 740 577 808 hospes
600 743 701 802 noster,
726 739 773 806 qui
796 739 824 790 in
849 737 969 790 amicitia
1038 759 1041 761 “
1073 749 1077 754 ·
1109 724 1112 731 ’

117 815 210 884 populi
224 815 339 868 Romani
351 818 546 883 permanserat,
564 832 594 868 so
612 832 628 867 a
646 815 796 883 majoribus
809 818 878 867 natu
894 829 968 866 aece-
1039 838 1044 847 ·

117 891 190 959 pisse
214 892 332 958 dicebat,
361 908 445 960 quum
470 890 582 961 quidem
606 892 632 944 ei
657 891 775 944 sermoni
799 890 968 944 interfuisset

123 967 198 1021 Plato
215 968 399 1032 Atheniensis,
417 985 498 1036 quern
512 968 662 1021 Tarentum
679 968 786 1020 venisse
805 967 835 1019 L.
855 965 968 1019 Camillo

120 1045 210 1112 Appio
229 1045 343 1098 Claudio
361 1044 516 1098 consulibus
534 1045 649 1112 reperio.
686 1051 727 1097 42.
746 1045 867 1108 Quorsus
885 1043 968 1094 haeel
1040 1102 1045 1112 ,

120 1121 160 1173 Ut
171 1121 340 1188 intelligatis,
354 1120 377 1172 si
389 1120 557 1188 voluptatem
569 1122 709 1188 aspernari
727 1121 833 1173 ratione
851 1122 880 1172 et
898 1117 968 1185 sapi-

103 1147 195 1269 lentia
210 1213 262 1249 non
277 1212 424 1266 possemus,
438 1212 565 1263 magnam
582 1196 736 1250 habendam
755 1195 890 1249 senectuti
908 1209 968 1260 gra·

104 1276 108 1345 ξ
119 1271 194 1340 tiam,
212 1289 282 1339 quae
300 1271 422 1326 effecerit
438 1274 469 1325 ut
488 1271 517 1323 id
529 1289 583 1324 non
594 1271 695 1326 liberet
709 1273 782 1339 qnod
794 1289 848 1324 non
861 1272 968 1338 oporte

106 1351 172 1448 ἕνα,
209 1346 330 1416 Impedit
348 1348 419 1400 enirn
438 1348 579 1400 consilium
592 1348 732 1417 voluptas;
749 1349 848 1401 rationi
861 1345 969 1399 inimica

109 1427 162 1476 =est
183 1424 342 1489 sementis,
365 1427 396 1476 ut
420 1424 459 1476 ita
483 1424 580 1490 dicam,
601 1424 779 1492 praestringit
802 1423 900 1486 oeulos,
918 1437 968 1473 nec

105 1498 204 1553 Jhabet
215 1499 299 1552 ullum
312 1517 373 1553 cum
386 1500 489 1552 virtute
507 1500 704 1553 commercium.
741 1500 848 1552 Invitus
867 1497 919 1550 feci
936 1498 968 1549 ut

120 1575 260 1628 fortissimi
281 1576 333 1628 siri
354 1575 381 1627 Τ.
404 1575 547 1628 Flaminini
568 1575 683 1636 fratrem
703 1575 732 1628 L.
754 1575 934 1627 Flamininum
952 1587 968 1624 e

122 1650 224 1704 Senatu
243 1651 369 1716 ejicerem
390 1655 496 1718 septem
517 1652 595 1704 annis
613 1654 676 1719 post
693 1667 776 1718 quam
793 1649 885 1703 consul
903 1647 968 1700 fuis-

121 1730 181 1791 set;
198 1726 247 1778 sed
265 1726 412 1778 notandam
426 1727 520 1793 putavi
538 1726 686 1779 libidinem.
724 1727 775 1779 llle
793 1726 865 1780 enim
883 1740 968 1792 quum

121 1805 194 1856 esset
212 1801 311 1867 consul,
329 1801 357 1852 in
376 1802 465 1854 Gallia
477 1807 605 1854 exoratus
616 1801 645 1853 in
656 1802 777 1854 convivio
790 1819 807 1855 a
818 1805 907 1854 scorto
925 1802 968 1852 est

121 1883 154 1930 ut
170 1877 257 1930 securi
273 1877 370 1929 feriret
387 1877 505 1945 aliquem
522 1894 615 1930 eorum
634 1877 681 1945 qui
700 1878 728 1929 in
746 1877 859 1930 vinculis
877 1879 968 1929 essent

122 1953 243 2006 damnati
268 1953 308 2006 rei
330 1953 462 2021 capitalis.
501 1953 554 2005 llic
578 1953 640 2005 Tito
664 1953 751 2006 fratre
777 1970 825 2006 suo
849 1967 968 2017 censore,

122 2029 168 2095 qui
189 2029 329 2095 proximus
347 2033 410 2081 ante
432 2045 476 2082 me
497 2029 594 2092 fuerat,
614 2028 722 2096 elapsus
741 2032 798 2093 est;
819 2028 887 2080 mihi
904 2043 968 2079 vcro

122 2107 150 2158 ct
172 2104 269 2156 Flacco
288 2105 448 2170 neutiquam
467 2103 576 2171 probari
597 2105 688 2170 potuit
709 2107 766 2156 tam
786 2103 920 2171 flagitiosa
940 2105 968 2155 et

121 2183 178 2244 tam
191 2179 301 2247 perdita
313 2179 397 2232 libido
408 2195 477 2246 quae
489 2195 551 2231 curn
564 2178 663 2246 probro
672 2179 779 2246 privato
791 2179 969 2247 conjungeret

122 2255 229 2322 imperii
242 2254 369 2308 dedecus.

175 2330 259 2383 x111.
289 2335 329 2382 43.
356 2330 443 2394 Saepe
462 2328 552 2380 audivi
572 2345 588 2379 a
609 2327 758 2395 majoribus
781 2335 855 2397 natu,
876 2333 969 2398 quise

122 2421 203 2472 porro
215 2420 313 2471 pueros
326 2422 342 2456 a
360 2402 470 2456 senibus
486 2403 595 2455 audisse
607 2402 743 2471 dicebant,
756 2407 849 2459 mirari
861 2406 968 2459 solitum
1070 2409 1075 2423 '
1110 2436 1111 2461 r

124 2480 152 2532 C.
163 2479 324 2542 Fabricium,
334 2478 416 2546 quod,
429 2494 512 2545 quum
524 2477 598 2545 apud
609 2495 702 2546 regem
717 2481 850 2549 Pyrrhum
863 2482 970 2550 legatus
1050 2503 1053 2506 ⁴

123 2558 204 2620 esset,
218 2554 340 2607 audisset
355 2571 371 2605 a
384 2552 512 2608 Thessalo
526 2553 610 2607 Cinea
621 2572 682 2608 esse
700 2559 837 2625 quendam
852 2557 970 2612 Athenis
1070 2584 1073 2589 ⁴

123 2631 170 2698 qui
193 2647 222 2682 se
244 2630 394 2696 sapientem
418 2629 603 2698 profiteretur,
622 2648 740 2702 euntque
764 2635 856 2688 dicere
880 2632 970 2687 omnia

124 2722 194 2773 quae
206 2705 357 2758 faceremus
369 2704 405 2756 ad
417 2705 585 2773 voluptatem
598 2724 657 2760 esse
670 2710 814 2763 referenda
825 2731 831 2773 ;
849 2709 923 2778 quod
936 2725 969 2762 ex

124 2797 157 2833 eo
180 2779 324 2832 audientes
349 2779 394 2832 Μ’.
415 2779 526 2834 Curium
551 2787 580 2836 et
602 2784 629 2836 T.
651 2785 850 2838 Coruncanium
874 2789 970 2854 optare

125 2855 217 2908 selitos
230 2858 261 2907 ut
273 2855 303 2906 id
316 2855 482 2909 Sanmitibus
500 2858 607 2927 ipsique
626 2860 730 2927 Pyrrho
747 2861 969 2929 persuaderetur,

125 2948 179 2999 quo
191 2931 296 2985 facilius
312 2931 381 2984 vinei
399 2937 508 2999 possent
526 2952 611 3002 quum
630 2953 659 2989 se
677 2935 864 3004 voluptatibus
882 2936 971 2989 dedis-

125 3014 192 3062 sent.
229 3008 345 3061 Vixerat
363 3007 407 3061 Μ’.
420 3008 516 3064 Curius
528 3028 590 3064 eum
605 3013 636 3067 P.
650 3013 734 3066 Decio
753 3012 800 3080 qui
819 3013 971 3080 quinquen-

124 3083 169 3136 nio
192 3088 256 3138 ante
286 3100 348 3138 eum
375 3085 511 3142 consulem
541 3105 571 3141 se
600 3105 650 3156 pro
674 3104 704 3140 re
733 3087 843 3156 publica
873 3091 971 3156 quarto

125 3161 264 3216 consulatu
282 3161 435 3216 devoverat.
472 3163 560 3216 Norat
584 3164 701 3218 euntem
727 3163 874 3229 Fabricius,
892 3167 971 3217 norat
