2242 3542
22 29 52 80 et
77 9 143 76 Uel
160 7 289 98 esp-tri·

139 161 168 206 10
241 119 249 138 ’
368 152 757 202 M.TUnL11010nn0N1s

137 237 302 290 audientiam
318 234 415 288 diserti
429 232 501 286 souis
515 237 625 301 compta
636 236 666 286 et
680 231 755 286 mitis
766 233 861 287 oratio.
898 233 985 297 Quam
1105 288 1112 305 ὁ

138 314 158 365 si
172 313 230 381 ipse
241 312 354 380 exsequi
366 327 492 376 nequeas,
500 311 588 377 possis
601 313 693 363 tamen
703 310 820 378 Scipioni
831 311 987 379 praecipere
1068 355 1072 360 .
1110 364 1111 369 ,

138 392 167 442 et
184 389 295 442 Laelios
322 387 394 452 Quid
409 387 480 438 enim
493 383 641 453 jucundius
658 390 798 440 senectute
813 388 915 455 stipata
931 391 987 441 stu-

139 465 191 518 diis
205 463 376 531 juventutis?
414 469 454 516 29.
478 464 524 514 An
536 479 572 515 ne
585 479 630 514 eas
644 463 754 530 quidem
768 463 839 516 vires
853 466 986 518 senectuti
1044 464 1047 466 ’

37 545 38 548 ’
139 540 323 608 relinquemus
335 544 366 591 ut
378 538 594 591 adolescentulos
604 539 707 603 docent,
720 539 853 605 instituat,
862 540 897 592 ad
907 556 987 594 omne

139 617 218 670 officii
234 633 331 668 munus
346 616 480 668 instruat?
518 614 577 676 Quo
593 614 704 680 quidem
719 626 801 682 opere
813 616 880 683 quid
897 620 988 684 potest

95 725 97 730 ,
140 709 200 746 osse
214 691 395 759 praeclarius?
433 689 501 743 Mihi
517 707 581 742 vcro
599 690 688 742 (luet
705 690 734 744 P.
749 691 887 758 Scipiones
903 693 1003 745 elavi*
1110 746 1112 753 ,

142 768 180 824 tui
193 768 254 833 duo,
269 768 298 821 L.
314 767 449 820 Aemilius
462 769 490 819 ot
504 765 533 818 P.
550 766 702 833 Africanus,
714 767 845 819 comitatu
858 767 987 821 nobilium
1052 786 1063 821 ,·

137 845 268 914 juvenum
281 843 414 896 fortunati
426 841 604 906 videbantur3
622 858 672 894 nec
684 842 732 894 ulli
746 842 876 896 bonarum
888 845 986 897 artium
1069 905 1073 908 .

141 920 263 986 magistri
278 937 331 972 non
348 918 422 972 beati
439 919 562 987 putandi,
576 918 699 986 quamvis
714 921 904 973 consenuerint
918 921 989 974 vires
1090 988 1093 990 .

142 1002 224 1066 atque
236 997 396 1070 defecerint.
433 997 493 1049 Etsi
507 997 561 1048 ista
576 996 634 1062 ipsa
647 995 764 1047 defectio
776 995 873 1048 virium
886 998 989 1051 adoles

142 1075 246 1127 centias
264 1073 338 1125 vitiis
357 1073 473 1126 efficitur
492 1073 599 1139 saepius
618 1089 700 1139 quam
719 1073 990 1137 senectutis31ibidi-
1042 1099 1046 1104 ·
1110 1070 1112 1075 ’

142 1165 208 1200 uosa
225 1147 297 1200 enim
315 1150 344 1200 et
360 1147 545 1214 intemperans
564 1146 747 1200 adolescentia
765 1149 875 1200 effetum
894 1166 990 1218 corpus
1015 1174 1020 1196 ς

143 1224 229 1276 tradit
241 1223 382 1276 senectuti.
414 1229 454 1275 30.
473 1222 557 1289 Cyrus
571 1221 683 1289 quidem
695 1223 768 1291 apud
782 1224 990 1292 Xenophontem

143 1317 175 1352 eo
188 1290 311 1352 sermone
321 1316 402 1365 quem
414 1298 531 1351 moriens
545 1297 647 1365 habuit,
656 1315 739 1366 quum
749 1299 895 1354 admodum
908 1318 991 1354 senex

144 1379 224 1442 esset,
237 1379 320 1442 negat
333 1392 362 1427 se
374 1391 494 1442 unquam
508 1375 625 1428 sensisse
637 1379 805 1429 senectutem
820 1393 895 1428 suam
908 1376 992 1429 imbe-

144 1452 273 1504 cilliorem
286 1450 385 1504 factam
399 1467 480 1518 quam
493 1450 676 1504 adolescentia
687 1450 790 1505 fuisset.
823 1452 881 1518 ,ugo
892 1453 923 1505 L.
934 1453 992 1505 Me-

146 1527 239 1580 tollum
257 1527 367 1580 memini
385 1543 460 1594 puer,
481 1527 527 1594 qui
546 1545 630 1596 quum
649 1528 828 1595 quadriennio
846 1533 914 1596 post·
926 1529 992 1581 alto

145 1620 205 1657 rum
222 1603 390 1656 consulatum
410 1602 537 1656 Pontifosi
555 1603 692 1656 Maximus
706 1604 794 1656 iactus
809 1608 882 1657 esset
897 1605 991 1672 viginti

146 1683 175 1732 et
187 1679 254 1731 duos
269 1695 352 1731 annos
364 1679 389 1730 ei
403 1679 555 1731 sacerdotio
572 1679 699 1746 praefuit,
715 1679 755 1732 ita
768 1678 847 1737 bonis
859 1697 919 1733 esse
931 1679 992 1732 viri-

146 1755 197 1808 bus
214 1759 338 1807 extremo
353 1758 477 1822 tempore
494 1755 594 1808 aetatis
609 1759 641 1808 ut
657 1755 868 1808 adolescentiam
886 1772 938 1808 non
953 1772 994 1808 re

147 1831 275 1900 quireret
319 1830 395 1884 Nihil
415 1847 524 1884 necesse
544 1834 588 1884 cst
610 1830 677 1883 mihi
696 1831 732 1884 de
750 1848 794 1882 mc
813 1831 871 1899 ipso
889 1832 993 1894 dicero;

147 1924 311 1977 quamquam
326 1911 369 1960 cst
385 1908 414 1960 id
429 1907 540 1974 quidem
553 1907 637 1960 senile
653 1907 793 1974 aetatique
811 1911 921 1960 nostrae
935 1923 995 1960 con-

147 1985 261 2038 ceditur.

200 2060 233 2113 X.
269 2065 308 2112 31.
340 2058 483 2112 Videtisne
507 2063 538 2112 ut
563 2060 636 2127 apud
661 2061 813 2113 Homerum
838 2059 995 2128 saepissime

147 2132 249 2188 Nestor
273 2134 308 2187 de
332 2134 479 2187 virtutibus
501 2135 557 2187 suis
577 2137 735 2202 praedicet?
779 2137 898 2189 Tertiam
923 2135 995 2188 onim

144 2210 202 2278 jam
222 2213 340 2264 aetatem
360 2210 499 2263 hominurn
520 2210 637 2274 vivebat,
656 2228 706 2265 nee
725 2215 785 2264 erat
805 2213 829 2264 ci
847 2212 996 2264 verendum

147 2303 181 2340 ne
201 2303 265 2340 vera
282 2287 443 2354 praedicans
462 2286 498 2339 de
516 2303 544 2338 se
562 2286 643 2338 nimis
655 2286 797 2338 videretur
813 2292 862 2339 aut
879 2288 996 2340 insolens

147 2367 195 2416 aut
215 2363 320 2428 loquax.
358 2362 474 2426 Etenim,
497 2365 528 2413 ut
550 2362 589 2414 ait
608 2362 751 2427 Homerus,
772 2379 806 2414 cx
826 2363 887 2430 ejus
905 2364 996 2430 lingua

148 2440 227 2492 mello
239 2439 343 2490 dulcior
359 2437 462 2489 fluebat
481 2437 575 2501 oratio,
595 2453 676 2504 quam
689 2437 726 2488 ad
740 2440 903 2492 suavitatem
915 2440 997 2492 nullis

148 2515 246 2581 egebat
270 2512 390 2579 corporis
411 2511 528 2565 viribus:
555 2516 584 2564 et
605 2517 697 2567 tamon
719 2514 776 2566 dux
800 2514 846 2566 ille
867 2515 996 2568 Graeciae

148 2604 280 2655 nusquam
300 2591 378 2654 optat
401 2590 432 2639 ut
451 2587 545 2655 Ajaeis
560 2587 663 2639 similes
678 2588 779 2641 habeat
798 2588 900 2655 decern,
918 2598 947 2642 at
966 2605 997 2641 111

151 2665 281 2729 Nestoris,
300 2664 373 2730 quod
392 2664 414 2716 si
433 2663 570 2725 acciderit,
584 2679 638 2715 nou
648 2663 762 2716 dubitat
781 2665 848 2731 quin
866 2664 944 2717 brevi
961 2666 997 2717 sit

96 2793 101 2814 ,
149 2738 229 2806 Troja
251 2740 383 2806 peritura.
433 2745 472 2793 32.
516 2739 571 2792 Sed
595 2739 678 2791 redeo
702 2739 738 2792 ad
762 2756 815 2791 mc.
864 2739 995 2802 Quartum

148 2831 248 2868 aunum
272 2831 323 2882 ago
348 2819 377 2868 ot
400 2815 609 2881 octogesimum:
639 2814 737 2868 vellem
767 2814 896 2882 equidem
924 2813 995 2867 idem
1092 2840 1112 2878 g

148 2907 226 2960 posse
238 2891 348 2958 gloriari
362 2891 435 2960 quod
448 2891 546 2960 Cyrus:
566 2890 616 2943 sed
630 2895 723 2943 tamen
742 2891 794 2944 hoe
812 2907 883 2958 queo
898 2891 997 2957 dicere,

148 2984 200 3020 nou
218 2984 262 3020 rue
281 2967 392 3036 quidem
411 2967 444 3021 iis
462 2984 521 3021 csse
539 2967 644 3021 viribus
663 2967 763 3035 quibus
775 2970 824 3020 aut
836 2967 998 3021 milesbello

150 3043 251 3098 Punico
269 3048 317 3098 aut
335 3054 464 3114 quaestor
482 3045 579 3098 eodem
604 3043 675 3097 bello
698 3048 746 3097 aut
770 3045 863 3097 consul
887 3045 915 3097 in
934 3043 999 3096 His-

148 3122 228 3187 pania
239 3121 345 3188 fuerim,
360 3124 409 3175 aut
420 3121 599 3188 quadriennio
611 3125 674 3189 post
691 3137 775 3189 quma
789 3120 916 3173 tribunus
928 3119 997 3173 mili·

149 3197 216 3252 taus
227 3197 381 3266 depugnavi
391 3193 466 3266 apud
479 3193 673 3266 Thermqrylas
689 3197 733 3251 M'.
748 3196 836 3251 Acilio
850 3196 997 3251 Glabrione
