2242 3542
52 14 414 131 aelamitae.
426 12 667 127 liubma-
655 18 881 113 -Μῆ

120 162 165 209 104
430 159 481 208 DE
498 160 653 209 oratoris

117 262 167 314 qur
158 244 295 297 suerunt
311 244 342 297 st
331 243 398 296 toiei
414 260 504 313 paene
518 242 626 312 Cynici,
639 241 699 313 (1οἰ
696 245 917 313 reprehendunt
935 254 964 299 et

117 326 242 394 irrident,
252 326 330 394 (1000
343 340 383 392 ea,
393 341 463 393 (1000
473 324 575 394 turpia'
581 324 715 392 nonsint,
723 325 817 378 verbis
823 324 965 395 flagitiosa

117 408 251 474 dicamus,
267 407 317 459 illa
339 412 441 472 autem,
452 421 524 473 quae
543 405 637 474 turpia
650 405 721 473 sint,
737 406 900 459 nominibus
918 424 967 477 ap

117 490 253 557 pellemus
280 486 344 539 suis.
391 486 572 551 Latrocinan',
594 486 730 550 fraudare,
753 487 909 540 adulterare
936 505 966 541 re

117 577 198 637 turpe
217 574 267 634 est,
283 569 333 619 sed
350 566 454 619 dicitur
470 582 526 618 non
545 567 680 619 obscene:
703 566 798 619 liberis
814 568 881 620 darc
900 585 967 637 ope-

118 665 222 702 101010
240 650 389 701 honestum
408 647 586 712 0000010000
605 647 764 715 obscenum,
779 649 917 717 pluraque
935 650 967 701 in

118 748 179 783 eam
194 730 361 783 senteutiam
376 730 413 781 ab
427 728 533 780 eisdem
548 733 646 780 contra
657 728 856 781 verecundiam
868 729 966 799 dispu-

119 816 219 864 tantur.
257 811 316 863 Nos
338 814 432 861 autem
453 813 582 861 naturam
603 824 754 875 sequamur
774 815 803 862 et
822 810 859 862 ab
878 811 966 878 omni,

59 921 93 959 a.
118 892 195 958 quod
211 892 340 943 abhorret
356 891 391 941 ab
408 890 553 941 oculorum
570 888 735 956 auriumque
753 890 964 960 approbatione,

119 972 266 1040 fugiamus,
305 974 363 1024 129.
385 972 480 1023 Status
493 970 626 1037 incessus,
639 970 725 1021 sessio
739 971 894 1040 accubatio,
904 973 968 1023 vul·

118 1057 164 1105 tus
176 1052 258 1116 oculi,
270 1068 402 1104 nranuum
418 1058 511 1102 motus
523 1056 619 1103 teneat
631 1050 705 1103 illud
717 1052 859 1105 decorum.
898 1053 968 1119 Qui-

62 1152 93 1234 11.
120 1133 216 1185 busin
231 1133 313 1184 rebus
329 1132 386 1184 duo
402 1132 522 1183 maxime
537 1135 604 1183 sunt
616 1130 759 1200 fugienda,
769 1148 804 1184 ne
819 1132 889 1200 quid
904 1132 968 1185 effe·
986 1153 989 1159 ·

119 1214 255 1266 minatum
269 1216 318 1265 aut
330 1214 504 1281 mollemetne
513 1212 697 1279 (1000001010
709 1218 758 1264 aut
770 1214 906 1265 rusticum
919 1214 966 1267 sit.

119 1297 175 1345 Nec
190 1310 256 1347 vero
271 1293 455 1347 histrionibus
470 1292 682 1360 oratoribusque
697 1294 908 1346 concedendum
924 1301 968 1347 est

120 1384 151 1427 ut
169 1374 204 1427 iis
223 1376 293 1427 haec
315 1380 381 1443 apta
403 1374 471 1440 sint,
482 1372 572 1426 nobis:
583 1373 729 1427 dissoluta.
769 1373 966 1427 Scaenicorum

120 1456 235 1524 quidem
253 1472 313 1509 mos
331 1460 439 1508 tantam
456 1455 542 1507 habet
556 1459 651 1507 vetere
668 1454 819 1523 disciplina
834 1471 967 1508 verecun-

121 1537 205 1602 diam,
219 1544 250 1590 ut
264 1538 294 1589 in
313 1552 439 1589 scaenam
458 1535 517 1588 sine
536 1535 714 1605 subligaculo
731 1536 849 1605 prodeat
864 1552 966 1589 nemo:

119 1623 251 1673 verentur
259 1617 332 1669 enim
342 1634 384 1684 ne,
392 1617 416 1669 si
426 1632 482 1684 quo
492 1632 558 1668 casu
567 1616 730 1669 eveneritut
738 1616 863 1685 corporis
871 1624 967 1686 partes

121 1700 258 1767 quaedam
275 1698 441 1767 aperiantur,
455 1697 627 1767 aspiciantur
640 1713 697 1749 non
716 1698 823 1752 decore.
860 1700 967 1751 Nostro

121 1780 235 1847 quidem
248 1796 322 1831 more
335 1795 398 1831 cum
411 1785 509 1847 parent
498 1778 574 1830 tibus
587 1778 710 1848 puberes
716 1777 776 1844 filii,
786 1795 850 1831 cum
863 1779 967 1837 soceris

108 1860 216 1929 generi
234 1876 289 1911 000
306 1862 441 1913 lavantur.
478 1858 637 1911 Retinenda
653 1856 752 1927 igitur
758 1865 800 1912 est
816 1860 899 1912 huius
917 1876 966 1929 ge-

107 1942 201 2077 ,neris
211 1941 388 2009 verecundia,
404 1939 567 2009 praesertim
585 1940 710 1991 natura
701 1939 764 2009 rp'sa
778 1938 917 2010 magistra
936 1946 966 1993 00

122 2026 192 2076 0000
239 2023 370 2077 XXXVI.
399 2024 458 2075 130
478 2023 549 2074 Cum
564 2027 657 2072 autem
672 2022 796 2089 pulelnit
785 2021 891 2074 tudinis
906 2022 965 2073 duo

110 2113 222 2207 *genera
242 2105 305 2166 sint,
316 2120 439 2171 quorum
459 2103 488 2153 in
508 2103 548 2154 alt
537 2107 597 2154 tero
614 2107 715 2153 venust
716 2118 759 2153 00
767 2102 835 2167 ait,⁸
826 2119 857 2154 1n
877 2104 965 2155 altero

111 2166 254 2254 ldignitas
261 2188 348 2236 venus
350 2189 434 2235 tatem
442 2182 605 2234 muliebrem
615 2182 717 2234 ducere
725 2181 965 2275 00001000,οἰφί-

122 2271 164 2318 tat
165 2283 208 2319 em
218 2265 334 2317 virilem.
364 2264 441 2331 Eroo
454 2268 482 2314 0
471 2261 607 2315 taforma
617 2266 792 2315 removeatur
800 2278 892 2314 omnis
901 2262 964 2314 viro

122 2362 178 2397 non
192 2346 296 2413 dignus
309 2348 422 2395 ornatus
434 2348 463 2393 et
475 2342 541 2394 huic
554 2342 644 2394 simile
653 2341 775 2394 vitium
767 2358 798 2394 10
810 2348 891 2411 gestu
905 2359 964 2394 mo·

122 2432 208 2493 tuque
222 2429 358 2476 caveatur.
395 2423 468 2475 Nam
485 2428 512 2474 et
524 2422 684 2491 palaestrici
698 2428 791 2474 motus
806 2429 871 2475 sunt
882 2438 964 2491 saepe

122 2505 275 2558 odiosiores
290 2508 317 2555 et
330 2502 497 2554 histrionum
512 2518 570 2553 non
585 2502 656 2554 nulli
667 2502 893 2571 gestusineptiis
907 2518 965 2554 non

123 2590 222 2637 0100110
235 2591 262 2635 00
274 2584 304 2635 in
317 2588 436 2649 utroque
449 2598 557 2651 genere,
568 2598 640 2650 quae
654 2582 965 2651 suntlrectaetsimpli-

123 2668 174 2733 cia,
188 2666 344 2718 laudantur.
382 2665 500 2715 Formae
519 2669 612 2714 autern
628 2663 875 2731 dignitas-coloris
887 2663 965 2715 boni·

123 2753 180 2798 tate
194 2746 300 2798 tuenda
316 2750 365 2809 est,
380 2745 456 2796 color
473 2743 721 2795 exercitationibus
738 2744 869 2811 eorporis.
906 2743 965 2795 Ad·

125 2827 247 2880 hibenda
261 2832 401 2895 praeterea
415 2824 556 2876 munditia
571 2830 612 2875 est
627 2840 683 2875 non
700 2824 799 2876 odiosa
811 2840 902 2891 neque
918 2838 966 2875 ex·

124 2909 226 2977 quisita
238 2907 328 2973 nimis,
338 2911 448 2964 tantum
461 2920 532 2972 quae
544 2904 637 2973 fugiat
648 2910 786 2973 agrestem
798 2910 827 2956 et
839 2904 965 2956 inhuma-

123 3006 186 3041 nam
200 2986 413 3057 neglegentiam.
445 2986 551 3037 Eadem
561 2984 633 3036 ratio
646 2987 689 3037 est
698 2986 829 3036 habenda
838 2985 964 3050 restitus,

123 3069 152 3120 in
171 3086 236 3135 quo,
255 3067 327 3124 sicut
344 3066 374 3117 in
392 3066 532 3133 plerisque
551 3065 640 3128 rebus,
658 3064 837 3117 mediocritas
857 3066 966 3133 optima

123 3152 172 3201 ast.
207 3149 266 3199 131.
283 3146 445 3198 Cavendum
456 3148 549 3197 autem
561 3149 645 3195 estne
659 3149 707 3195 aut
715 3143 896 3197 tarditatibus
905 3150 965 3197 uta·
