2242 3542
135 158 167 205 aa
300 116 342 145 χ
445 154 496 203 nn
513 153 667 204 orrrorrs

134 239 165 291 in
186 239 273 293 animi
293 255 359 291 eure
380 243 408 291 et
428 238 616 308 cogitatione:
637 238 668 289 in
688 253 744 306 quo
762 253 821 289 non
840 231 987 291 minorem

134 320 286 374 utilitatem
307 318 438 372 adferunt
456 320 506 388 qui
523 319 616 388 togati
634 318 674 371 rei
694 319 827 388 publicae
846 326 986 388 praesunt

124 418 218 469 quam
228 400 277 469 qui
287 401 392 453 bellurn
405 405 514 469 gerunt.
552 402 651 468 Itaque
661 416 756 452 eorum
766 400 885 451 consilio
893 416 985 469 saepe

133 488 247 535 autnon
258 487 386 550 suscepta
396 486 444 533 aut
454 480 582 533 confecta
592 482 665 532 bella
674 486 748 547 sunt,
757 497 813 531 uon
823 496 984 547 numquam

133 562 218 615 etiam
237 563 324 629 illata,
340 566 371 613 ut
391 562 427 613 M.
440 560 554 613 Catonis
573 562 678 613 bellurn
696 560 811 613 tertium
830 561 981 629 Punicum,

132 644 162 696 in
173 660 228 711 quo
242 643 326 697 etiam
338 642 442 694 mortui
454 641 545 693 valuit
558 642 716 693 auctoritas.
754 643 797 693 80.
815 641 917 706 Quare
931 658 982 693 ex-

132 726 255 793 petenda
268 723 382 791 quidem
396 721 487 791 magis
502 727 543 773 est
558 721 727 773 decernendi
742 721 814 774 ratio
830 737 913 788 quam
930 723 981 774 de-

133 805 259 857 certandi
272 804 416 869 fortitudo,
428 802 476 854 sed
490 802 646 854 cavendum
658 818 693 853 ne
706 802 737 853 id
749 802 875 854 bellandi
885 803 980 872 magis

133 885 200 954 fuga
213 902 297 954 quam
309 883 440 938 utilitatis
453 882 560 935 ratione
573 882 714 935 faciamus.

168 968 277 1019 Bellum
291 972 384 1019 auteur
396 964 436 1017 ita
449 963 624 1033 suscipiatur,
635 968 667 1015 ut
679 964 751 1015 nihil
764 964 843 1017 aliud
855 964 909 1016 nisi
917 982 978 1033 pax

73 1093 76 1113 ·.
118 992 258 1115 iquaesita
270 1047 406 1099 videatur.
444 1045 537 1098 Fortis
547 1062 613 1097 vero
626 1044 753 1102 animiet
766 1046 920 1097 constantis
932 1052 978 1098 est

63 1116 76 1143 a
119 1113 189 1237 quon
203 1126 360 1195 perturbari
375 1126 404 1177 in
419 1126 502 1178 rebus
520 1126 624 1194 asperis
639 1141 690 1177 nec
706 1126 923 1177 tumultuantem
938 1128 978 1179 de

122 1208 222 1299 *gradu
237 1206 328 1273 defici,
340 1211 371 1258 ut
384 1206 495 1273 dieitur,
506 1208 554 1258 sed
565 1206 703 1275 praesenti
716 1206 809 1257 animo
819 1206 862 1258 uti
872 1211 900 1259 et
910 1223 977 1259 eon-

121 1286 194 1353 [silio
208 1304 259 1339 nee
272 1287 404 1339 aratione
417 1286 568 1339 discedere.
607 1288 648 1339 81.
665 1287 841 1353 Quamquam
852 1287 906 1338 hoc
915 1286 977 1339 ani-

131 1366 178 1435 mi,
193 1368 265 1419 illud
284 1368 367 1419 etiam
386 1366 492 1436 ingenii
511 1368 608 1435 magni
626 1371 674 1430 est,
690 1367 849 1435 praecipere
868 1366 976 1435 cogita·

130 1448 207 1501 tione
217 1448 310 1501 futura
320 1454 347 1501 et
358 1448 500 1515 aliquanto
514 1453 578 1499 ante
588 1448 756 1499 constituere
766 1447 835 1515 quid
846 1446 975 1500 accidere

131 1529 219 1597 possit
237 1529 267 1580 in
282 1535 551 1597 utramquepartem
567 1532 595 1578 et
610 1526 679 1594 quid
695 1529 836 1595 agendum
850 1527 894 1596 sit,
908 1544 974 1579 eum

131 1610 201 1676 quid
217 1610 346 1677 evenerit,
360 1625 410 1661 nec
423 1608 596 1661 committere
610 1608 805 1676 utaliquando
819 1609 974 1661 dicendum

118 1690 181 1741 sit:
202 1691 290 1741 “Non
304 1690 459 1758 putaram.”
497 1690 575 1741 Haec
593 1696 658 1741 sunt
673 1706 757 1758 opera
775 1690 870 1759 magni
885 1690 973 1742 animi

131 1776 159 1821 et
176 1769 278 1821 excelsi
297 1777 325 1821 et
341 1769 492 1837 prudentia
511 1770 685 1837 consilioque
700 1770 821 1824 fidentis.
859 1772 973 1824 Temere

41 61 54 113 l
85 48 253 111 ἁλωκ-
275 28 405 119 luam.

130 1856 224 1902 autem
242 1850 273 1901 in
292 1850 351 1902 acie
369 1850 472 1901 versari
491 1855 518 1902 et
538 1867 622 1903 manu
640 1867 704 1902 cum
723 1851 803 1903 hoste
822 1852 972 1921 confligere

119 1930 250 1984 'immane
273 1930 409 1999 quiddam
434 1936 462 1983 et
483 1931 627 1983 beluarum
652 1931 742 1984 simile
766 1937 815 1998 est,
835 1934 884 1984 sed
906 1949 971 1985 cum

129 2016 240 2082 tempus
255 2012 458 2079 necessitasque
471 2013 604 2081 postulat,
618 2012 817 2064 decertandum
832 2029 916 2065 manu
929 2020 971 2066 est

129 2098 157 2145 et
170 2109 244 2145 mors
257 2092 385 2145 servituti
398 2092 624 2162 turpitudinique
637 2094 839 2161 anteponenda.

165 2174 269 2228 XXIV.
302 2176 343 2227 82.
360 2175 402 2225 De
415 2172 574 2226 evertendis
587 2177 680 2224 autem
694 2172 916 2242 diripiendisque
926 2190 969 2226 ur·

129 2253 211 2305 bibus
233 2255 315 2307 valde
338 2253 573 2306 considerandum
595 2259 637 2305 est
658 2269 694 2305 ne
716 2254 786 2319 quid
807 2259 919 2320 temere,
934 2270 968 2307 ne

113 2334 199 2399 :quid
215 2334 372 2387 crudeliter.
410 2333 499 2400 quue
515 2338 556 2385 est
572 2333 625 2385 viri
641 2334 744 2403 magni,
758 2335 840 2386 rebus
855 2334 969 2403 agitatis

116 2413 228 2481 ¹punire
247 2418 347 2480 sontes,
361 2414 572 2465 multitudinem
591 2430 759 2481 conservare,
773 2414 803 2465 in
822 2415 898 2467 omni
915 2414 968 2467 for-

115 2502 197 2552 atuna
207 2502 281 2545 recta
291 2498 374 2560 atque
385 2494 501 2545 honesta
510 2494 636 2548 retinere.
668 2496 708 2548 Ut
718 2495 792 2547 enim
802 2501 875 2559 sunt,
886 2511 969 2562 quem

128 2576 165 2627 ad
178 2574 294 2626 modum
307 2590 390 2643 supra
403 2574 472 2642 dixi,
487 2576 536 2641 qui
548 2575 663 2627 urbanis
676 2576 757 2628 rebus
768 2576 882 2627 bellicas
894 2579 968 2627 ante-

127 2659 242 2723 ponant,
255 2654 295 2707 sic
308 2655 428 2724 reperias
440 2657 544 2707 multos
557 2656 659 2722 quibus
671 2656 826 2725 periculosa
838 2662 867 2709 et
878 2656 968 2708 calida

127 2734 246 2787 consilia
262 2736 363 2803 quietis
378 2741 405 2788 et
421 2736 552 2805 cogitatis
568 2742 595 2788 et
614 2736 807 2805 splendidiora
822 2745 850 2789 et
864 2737 968 2788 maiora

113 2816 283 2889 *videantur¹
322 2819 363 2869 83.
380 2818 539 2883 Numquam
555 2816 669 2868 omnino
682 2816 801 2883 periculi
815 2816 883 2884 fuga
896 2832 967 2867 com·

114 2894 296 2953 jrnittendurn
319 2901 359 2947 est
382 2902 413 2948 ut
431 2897 557 2948 imbelles
579 2896 728 2962 timidique
746 2896 900 2961 videamur,
919 2895 967 2947 sed

115 2973 293 3045 {fugiendum
306 2975 378 3026 illud
391 2978 483 3042 etiam,
496 2991 531 3027 ne
544 2974 690 3026 offeramus
702 2991 753 3026 nos
765 2975 898 3042 perieulis
909 2974 966 3027 sine

114 3048 218 3133 leuues,
232 3070 288 3120 quo
307 3070 364 3106 esse
383 3054 455 3106 nihil
473 3058 568 3122 potest
586 3053 705 3106 stultius.
743 3054 921 3123 Quapropter
938 3053 966 3107 i'n

114 3133 266 3187 ¹adeundis
287 3133 419 3201 perieulis
438 3131 613 3185 consuetudo
634 3131 773 3183 imitanda
794 3135 965 3187 medicorum
