2242 3542
374 153 541 203 LAELIUS.
578 154 655 202 cai’.
675 153 712 201 II.
732 154 784 202 III.
973 154 1002 200 al

158 231 336 300 appellantur,
354 231 461 300 eosqui
477 232 531 286 ista
546 231 674 286 subtilius
692 235 828 301 quaeruut
845 232 874 284 in
892 247 1004 285 numero

157 307 320 375 sapientium
343 324 396 360 non
421 308 676 363 habent-Athenis
698 325 782 362 unum
806 309 958 376 accepimus
976 312 1005 362 ot

156 399 218 435 eum
232 383 343 450 quidem
355 384 437 437 etiam
453 385 587 454 Apollinis
601 385 709 439 oraculo
722 385 949 453 sapientissimum
960 384 1005 451 ju-

157 459 276 512 dicatum
285 481 291 524 ;
310 461 379 514 hanc
388 478 447 514 esso
457 462 485 514 in
498 467 526 515 te
536 462 697 528 sapientiam
705 462 863 514 existimant
874 465 906 514 ut
915 461 1006 512 omnia

157 534 205 585 tua
221 530 249 583 iu
268 535 297 582 te
314 534 401 599 posita
419 546 478 584 esse
497 531 580 584 ducas
604 532 789 600 hurrranosque
811 549 889 586 casus
907 533 1008 586 virtute

158 606 299 660 inferiores
312 612 399 676 putes.
431 608 528 675 Itaque
541 624 575 660 ex
588 624 632 660 me
644 613 787 676 quaerunt,
800 609 881 661 credo
894 608 961 661 item
973 624 1008 661 ex

157 681 207 736 hoo
229 683 364 750 Scaevola,
383 700 499 750 quonam
521 687 602 752 paeto
624 688 741 737 mortem
766 685 888 737 Africani
917 683 1005 742 feras:

155 774 243 826 eoque
261 757 346 824 magis
361 757 435 823 quod
453 757 495 809 his
509 758 641 826 proximis
655 755 749 823 Nonis,
764 772 849 824 quum
867 756 895 808 in
910 756 1004 809 hortos

158 833 189 886 l).
203 833 283 886 Bruti
299 833 409 900 auguris
426 832 625 886 commentandi
642 849 731 898 causa,
748 836 780 885 ut
795 832 902 897 assolet,
919 831 1005 893 vonis

156 926 255 976 semus,
269 911 301 961 tu
315 924 368 960 non
384 908 496 960 adfuisti
511 909 558 975 qui
574 908 783 975 diligentissime
800 924 910 974 semper
927 907 1005 960 illum

156 985 229 1039 diem
248 989 277 1037 et
293 983 360 1036 illud
374 1000 472 1035 munus
486 983 582 1036 solitus
598 1000 671 1036 esses
689 984 773 1036 obire.
810 990 833 1038 8.
852 983 1004 1036 Soanvous.

158 1062 299 1126 Quaerunt
316 1060 434 1127 quidem,
451 1059 480 1113 Ο.
493 1059 576 1125 Laeli,
589 1059 677 1124 multi,
692 1064 724 1113 ut
738 1063 781 1113 est
798 1076 814 1112 a
833 1060 935 1112 Fannio
950 1059 1005 1112 die-

157 1141 231 1200 tum3
241 1136 295 1189 sed
305 1152 355 1204 ego
365 1135 394 1188 id
404 1135 555 1204 respondeo
565 1135 636 1203 quod
648 1135 836 1202 animadverti,
845 1140 874 1188 te
883 1135 1003 1189 dolorem

157 1229 237 1282 quem
252 1212 387 1280 acceperis
400 1228 484 1280 quum
497 1212 595 1264 summi
608 1212 658 1264 viri
673 1215 733 1265 tum
745 1212 900 1265 amicissimi
917 1216 1006 1265 morto

156 1290 229 1343 ferro
244 1289 393 1356 moderate;
410 1304 459 1341 neo
474 1289 595 1356 potuisse
608 1304 662 1340 non
676 1288 839 1341 commoveri
853 1305 903 1341 neo
922 1287 1006 1341 fuisso

156 1366 184 1418 id
203 1365 379 1419 humanitatis
393 1369 473 1428 tuao;
494 1363 569 1432 quod
586 1369 678 1417 autem
692 1363 735 1416 his
749 1364 835 1417 Nonis
849 1364 878 1416 in
891 1363 1007 1431 collegio
1026 1404 1029 1409 ⁴

159 1446 251 1495 nostro
271 1459 322 1496 non
341 1440 473 1494 adfuisses
492 1440 676 1494 valetudinem
696 1456 805 1493 oausam
824 1457 876 1492 non
897 1439 1007 1493 maesti-

160 1519 227 1572 tiam
244 1518 335 1572 fuisse.
372 1517 501 1570 bannus.
529 1517 615 1570 lteeto
635 1520 666 1569 tu
686 1516 805 1584 quidem,
825 1515 960 1583 Soeevola
978 1519 1007 1568 et

161 1612 230 1648 vere.
266 1594 324 1648 Noc
343 1595 415 1646 onim
436 1593 471 1646 ab
489 1595 542 1646 isto
560 1593 646 1646 officio
664 1593 737 1662 quod
755 1609 863 1660 semper
879 1591 1007 1660 usurpavi

161 1687 244 1740 quum
259 1670 376 1724 valerem
391 1669 488 1723 abduci
507 1668 677 1722 incommodo
695 1686 756 1722 meo
776 1668 865 1737 debui,
884 1686 935 1722 neo
952 1668 1007 1721 ullo

161 1763 225 1801 casu
240 1746 359 1800 arbitror
375 1746 425 1799 hoc
443 1745 577 1800 constanti
594 1745 695 1799 homini
711 1762 791 1814 posse
805 1746 1008 1812 contingerent

161 1823 216 1876 ulla
234 1823 397 1876 intermissio
418 1822 467 1875 fiat
485 1821 572 1874 officii.
609 1828 631 1874 9.
656 1821 697 1874 Tu
720 1825 819 1888 autem,
830 1820 925 1887 Fanni,
935 1822 1009 1889 quod

161 1899 228 1952 mihi
241 1901 349 1951 tantum
363 1897 447 1950 tribui
464 1897 532 1949 diois
547 1902 681 1964 quantum
696 1915 748 1965 ogo
762 1914 812 1950 neo
827 1914 943 1964 agnosco
958 1913 1008 1949 nee

161 1975 276 2044 postulo,
290 1975 356 2028 facis
370 1974 470 2037 amice3
488 1973 544 2038 sed,
557 1977 590 2026 ut
605 1973 670 2026 mihi
684 1974 792 2039 rideris,
808 1991 861 2027 non
877 1978 952 2027 roote
964 1973 1007 2041 ju-

162 2051 236 2104 dieas
250 2051 285 2104 de
298 2051 408 2105 Catone.
446 2050 505 2102 Aut
519 2050 590 2101 enim
606 2066 692 2113 nemo,
708 2051 906 2118 quodquidam
922 2051 1008 2117 magis

161 2127 251 2190 eredo,
264 2130 312 2178 aut
330 2126 352 2177 si
368 2125 518 2192 quisquam,
533 2124 579 2176 ille
594 2125 702 2191 sapiens
715 2125 776 2178 fuit.
812 2126 960 2189 Quomodo.
977 2133 1008 2178 ut

162 2202 215 2255 alia
226 2201 358 2266 omittam,
372 2207 487 2253 mortem
501 2199 551 2251 filii
566 2200 644 2252 tulit!
681 2200 860 2254 Memineram
877 2201 1009 2269 Paullum,

161 2279 283 2331 videram
297 2276 420 2338 Gallum3
438 2275 487 2328 sod
504 2275 532 2327 hi
549 2276 576 2328 in
593 2275 700 2343 pueris3
719 2276 788 2328 Cato
803 2277 831 2329 in
846 2277 968 2345 perlecto
980 2283 1009 2331 et

161 2357 283 2423 spectato
298 2352 362 2405 viro¹
401 2357 440 2406 10.
460 2351 642 2415 Quamobrem
661 2368 725 2406 eave
746 2352 842 2405 (latoni
861 2357 1009 2421 anteponas

161 2447 195 2485 ue
208 2431 292 2485 istum
309 2428 420 2498 quidem
435 2428 524 2496 ipsum
539 2445 621 2496 quom
637 2429 743 2496 Apollo,
758 2432 790 2482 ut
805 2430 853 2494 ais,
869 2430 1010 2499 sapientis·

160 2508 258 2570 simum
266 2505 408 2572 judicavit.
447 2503 538 2571 Hujus
551 2504 624 2556 oraim
636 2505 715 2570 facta,
728 2504 799 2557 illius
812 2506 886 2558 dieta
900 2505 1010 2559 laudan-

161 2588 212 2637 tur.
248 2582 289 2634 Do
313 2597 357 2634 me
381 2585 480 2645 autem,
502 2584 533 2633 ut
551 2580 610 2647 jam
630 2597 692 2632 cum
712 2585 829 2649 utroque
849 2582 952 2649 loquar,
971 2583 1009 2634 sie

161 2659 297 2712 habetote.

213 2735 269 2789 ΙΙΙ.
309 2736 364 2803 Ego
382 2736 404 2787 si
423 2735 555 2803 Scipionis
569 2734 707 2787 desiderio
721 2751 766 2787 me
782 2735 884 2787 moveri
903 2751 1009 2802 negem,

160 2828 242 2880 quam
266 2812 295 2864 id
320 2815 393 2864 reete
417 2810 513 2863 faciam
537 2810 657 2862 viderint
682 2810 833 2878 sapientes;
860 2811 910 2864 sed
933 2815 1010 2863 corte

161 2889 282 2941 mentiar.
320 2887 432 2940 Moveor
451 2887 523 2939 enim
544 2886 592 2939 tali
617 2887 703 2939 amieo
722 2886 842 2952 orbatus,
863 2886 957 2955 qualis,
978 2890 1010 2939 ut

124 2974 126 2980 ’
161 2963 286 3028 arbitror,
300 2979 378 3015 nemo
393 2979 512 3030 unquam
525 2964 594 3027 orit3
612 2965 644 3014 ut
658 2963 818 3014 confirmare
833 2978 949 3029 possum,
963 2979 1009 3014 ne-

161 3056 204 3092 mo
223 3043 298 3092 certe
318 3039 376 3092 fuit.
414 3038 469 3091 Sed
486 3055 539 3090 non
558 3055 625 3106 egeo
643 3037 790 3091 medicina:
812 3054 856 3090 me
873 3039 931 3104 ipse
949 3054 1010 3090 oon-

161 3116 232 3170 solor
248 3120 277 3170 ot
294 3115 411 3168 maxime
428 3115 474 3167 illo
493 3115 589 3167 solatio
607 3113 680 3182 quod
699 3130 732 3165 oo
750 3130 841 3166 errore
859 3129 937 3166 careo
955 3131 1009 3183 quo

161 3193 308 3247 amicorum
327 3190 442 3246 deoossu
464 3190 589 3262 plerique
607 3189 670 3257 angi
688 3189 784 3243 solent.
821 3189 895 3243 Nihil
914 3188 1010 3260 [onim]
