2242 3542
321 157 390 206 nm.
407 156 455 218 u.‚
472 156 550 206 oar.
570 156 645 206 xiv.
662 156 734 217 xa,
751 154 766 219 1
784 158 873 205 rso-55.
975 158 1022 205 raa

170 256 263 309 opera,
277 239 309 292 id
327 244 377 308 est,
387 239 493 292 virtute
510 242 540 291 ot
554 239 703 306 industria,
716 238 833 291 benefici
852 242 880 291 et
894 237 1023 291 liberales

171 327 261 388 erunt,
276 320 399 389 primum
418 336 474 387 quo
493 318 622 389 pluribus
643 318 805 389 profuerint,
822 335 855 371 eo
873 320 966 387 plures
985 320 1022 372 ad

172 401 294 471 benigne
312 400 473 454 faciendum
494 400 637 453 adiutores
655 400 808 465 habebunt,
825 399 891 451 dein
909 416 1022 453 consue-

171 481 272 534 tudine
290 482 488 534 beneficentiae
506 480 659 550 paratiores
678 485 759 533 erunt
776 485 804 531 ct
818 486 961 549 tamquam
977 496 1022 533 ex-

172 560 342 614 ercitatiores
360 564 398 615 ad
416 562 487 615 bene
510 562 546 615 de
564 560 662 613 multis
680 561 903 630 promerendum.
940 561 1022 613 Prae-

172 642 244 694 clare
256 642 287 694 in
300 642 419 711 epistola
431 643 553 711 quadam
566 642 759 695 Alexandrum
771 640 860 693 filium
872 640 1022 710 Philippus

172 726 291 791 accusat,
311 723 388 790 quod
414 722 564 791 largitione
588 721 813 775 benevolentiam
836 722 1022 773 Macedonum

171 808 360 857 consectetur:
380 805 396 833 “
406 803 483 869 Quae
501 808 538 871 te,
553 804 659 855 malum
669 804 692 857 !’'
712 802 806 869 inquit
823 801 920 854 “ratio
939 801 969 853 in
986 801 1022 854 is·

171 887 230 936 tam
242 900 319 953 spem
331 883 454 952 induxit,
467 889 500 936 ut
511 900 559 937 eos
571 883 625 936 tibi
637 884 734 937 fideles
746 887 860 952 putares
872 881 938 949 fore,
952 898 1022 951 quos

170 964 290 1033 pecunia
302 964 488 1034 corrupisses?
515 964 561 1017 An
574 969 605 1017 tu
618 965 649 1017 id
663 964 731 1033 agis,
741 970 773 1015 ut
785 964 953 1016 Macedones
964 980 1022 1015 non

170 1049 199 1097 te
218 1061 311 1114 regem
326 1061 415 1112 suum,
429 1046 480 1098 sed
491 1044 651 1097 ministrum
667 1050 695 1097 et
709 1044 896 1114 praebitorem
911 1048 1021 1113 sperent

170 1125 265 1180 11111”
302 1127 378 1179 Bene
394 1126 577 1178 “ministrum
596 1130 624 1177 et
641 1124 855 1195 praebitorem‚’'
874 1141 931 1193 quo
951 1124 1021 1193 quid

170 1206 312 1259 sordidius
326 1206 406 1275 regit
424 1206 524 1259 melius
543 1206 636 1273 etiam,
651 1208 729 1275 quod
746 1206 946 1276 “largitionem
963 1222 1021 1257 cor·

170 1288 329 1356 ruptelam”
345 1288 419 1341 dixit
432 1305 498 1344 esse.
523 1288 572 1341 Fit
584 1288 659 1341 enim
669 1288 791 1341 deterior
803 1289 852 1356 qui
865 1288 968 1357 accipit
981 1293 1020 1339 at·

170 1384 225 1437 que
238 1370 275 1421 ad
287 1369 364 1421 idem
376 1386 484 1439 semper
496 1370 718 1439 exspectandum
729 1370 859 1439 paratior.
895 1372 937 1422 54.
958 1370 1020 1422 Hoc

170 1448 219 1501 ille
231 1449 298 1518 filio,
309 1451 359 1502 sed
371 1457 551 1520 praeceptum
565 1457 694 1519 putemus
707 1450 844 1504 omnibus.
881 1451 971 1517 Quam
984 1451 1021 1503 ob

170 1545 229 1582 rem
243 1529 276 1581 id
295 1530 410 1597 quidem
428 1547 485 1583 non
504 1532 623 1583 dubium
643 1536 684 1583 est
701 1530 769 1599 quin
785 1531 835 1583 illa
853 1530 1019 1600 benignitas,

171 1626 243 1677 quae
259 1614 368 1684 constet
382 1628 417 1663 ex
433 1628 517 1681 opera
532 1618 560 1664 et
576 1612 722 1679 industria,
737 1618 765 1665 et
779 1613 924 1664 honestior
938 1612 975 1663 sit
990 1618 1019 1663 et

170 1690 255 1743 latius
276 1696 372 1759 pateat
392 1696 420 1744 et
438 1692 528 1761 possit
546 1694 680 1764 prodesse
699 1692 842 1762 pluribus:
865 1710 922 1745 non
942 1709 1020 1745 num-

170 1786 254 1839 quam
269 1777 363 1823 tamen
381 1777 424 1825 est
438 1772 615 1841 largiendum
630 1789 682 1826 nec
701 1774 754 1825 hoc
772 1772 955 1841 benignitatis
974 1789 1020 1841 ge-

171 1867 225 1904 nus
243 1852 358 1903 omnino
373 1852 581 1921 repudiandum
596 1858 624 1905 et
639 1869 721 1921 saepe
735 1852 845 1905 idoneis
860 1852 1020 1905 hominibus

170 1930 364 2001 indigentibus
386 1933 422 1985 de
444 1949 472 1985 re
495 1932 627 1985 familiari
646 1932 872 2001 impertiendum,
888 1932 937 1983 sed
957 1932 1020 1984 dili-

168 2016 268 2080 -genter
286 2017 370 2079 atque
385 2014 537 2067 moderate.
575 2012 658 2064 Multi
678 2012 752 2063 enim
768 2011 938 2080 patrimonia
955 2011 1020 2065 eiiu-

170 2092 272 2144 dcrunt
283 2092 441 2145 inconsulte
457 2092 612 2160 largiendo
650 2091 727 2157 Quid
740 2098 833 2143 autern
850 2097 891 2144 est
907 2092 1019 2144 stultius

170 2187 255 2238 quam
270 2172 347 2241 quod
363 2172 484 2224 libenter
497 2171 583 2224 facias
599 2187 701 2238 curare,
715 2176 747 2223 ut
761 2171 792 2223 id
809 2171 915 2224 diutius
929 2170 1019 2224 facere

169 2267 227 2303 non
245 2252 355 2321 possisi
392 2251 486 2320 Atque
505 2252 590 2304 etiam
609 2255 764 2318 sequuntur
783 2251 960 2320 largitionem
979 2268 1020 2303 ra-

168 2332 260 2401 pinae.
298 2334 368 2385 Omn
383 2332 457 2385 enim
472 2332 567 2384 dando
587 2348 667 2401 egere
687 2338 846 2401 coeperunt,
860 2333 957 2385 alienis
971 2334 1019 2385 bo·

169 2412 213 2464 nis
231 2428 329 2465 manus
347 2413 455 2466 adferre
473 2419 621 2482 coguntur.
658 2414 710 2479 Ita,
724 2430 789 2466 cum
809 2414 1020 2468 benevolentiae

170 2494 374 2561 comparandae
389 2509 472 2546 causa
484 2494 601 2545 benefici
616 2510 675 2545 esse
688 2494 785 2561 velint,
798 2511 856 2547 non
868 2499 948 2547 tanta
964 2498 1020 2546 stu-

169 2572 217 2625 dia
231 2574 425 2641 adsequuntur
439 2590 540 2641 eorum,
555 2574 658 2644 quibus
673 2575 822 2642 dederunt,
836 2580 941 2644 quanta
953 2575 1020 2627 odia

168 2669 273 2720 corum,
287 2654 391 2721 quibus
410 2655 580 2709 ademerunt.
618 2658 661 2709 55.
679 2656 770 2721 Quam
786 2656 823 2707 ob
839 2671 897 2707 rem
911 2671 964 2707 nec
979 2654 1019 2706 ita

169 2737 329 2789 claudenda
341 2752 384 2788 res
398 2741 441 2789 est
452 2736 605 2805 familiaris,
619 2742 651 2790 ut
664 2754 725 2789 earn
737 2738 898 2807 benignitas
914 2737 1019 2806 operire

168 2831 225 2867 non
238 2816 335 2884 possit,
348 2832 399 2869 nec
411 2816 452 2869 ita
464 2818 618 2884 reseranda,
631 2823 663 2870 ut
676 2822 772 2887 pateat
785 2818 923 2870 omnibus,
960 2818 1019 2868 Mo-

168 2894 223 2946 dus
236 2897 411 2964 adhibeatur,
421 2896 500 2964 isque
513 2897 648 2950 referatur
661 2900 698 2951 ad
710 2897 865 2951 facultates,
898 2898 1018 2949 Omnino

168 2975 327 3028 meminisse
342 2977 475 3030 debemus
489 2977 529 3044 id,
543 2979 620 3044 quod
637 2978 769 3030 anostris
785 2976 946 3029 hominibus
962 2992 1019 3027 sae-

168 3054 283 3125 pissime
295 3062 457 3125 usurpatum
467 3057 523 3109 iarn
536 3056 567 3109 in
579 3058 721 3126 proverbii
734 3056 964 3109 consuetudinem
974 3072 1019 3106 ve-

168 3134 213 3189 nit
228 3136 432 3207 “largitionem
445 3136 566 3190 fundum
584 3154 642 3191 non
660 3137 787 3191 habere.”
824 3134 936 3189 Etenim
955 3132 1018 3203 quis
