2242 3542
72 36 84 64 1
130 2 677 99 wammam.

137 129 185 176 1-38
450 127 501 178 DE
517 127 673 179 OFFICIIS

138 214 188 275 est,
202 210 271 263 haec
289 213 384 263 tamen
400 210 431 262 in
447 214 592 279 posterum
609 209 741 280 gratiora.
777 210 908 279 Theatra,
920 226 982 280 por-

138 290 219 357 ticus,
237 307 312 343 nova
332 292 439 359 templa
460 292 645 365 verecundius
669 291 843 360 reprehendo
869 297 983 359 propter

136 370 310 439 Pompeium,
324 371 374 423 sed
389 370 546 424 doctissimi
558 360 615 424 non
628 372 757 440 probant,
771 378 803 423 ut
818 376 847 425 et
859 371 907 424 hic
922 372 983 441 ipsa

136 451 293 517 Panaetius,
303 468 385 520 quem
398 454 517 505 multum
528 452 557 504 in
570 452 615 504 his
629 452 708 505 libris
721 458 833 505 secutus
845 468 915 519 sum,
924 470 982 505 non

136 533 345 600 interpretatus,
364 538 393 584 et
413 533 565 586 Phalereus
586 533 753 602 Demetrius,
773 533 824 601 qui
845 534 982 587 Periclem

136 612 293 681 principem
307 612 439 665 Graeciae
450 613 602 683 vituperat,
617 615 694 681 quod
711 618 819 666 tantam
836 614 982 683 pecuniam

136 693 166 745 in
179 694 320 761 praeclara
332 692 382 746 illa
395 695 546 762 propylaea
559 694 718 748 coniecerit.
751 694 807 747 Sed
821 694 856 746 de
870 695 923 747 hoc
936 711 983 763 ge-

96 769 108 847 l
135 790 200 825 nere
218 779 279 826 toto
298 774 326 825 in
346 774 381 825 iis
399 774 486 840 libris,
499 790 572 842 qnos
591 775 652 827 “de
671 790 700 827 re
718 774 855 844 publiea''
874 774 980 843 scripsi,

137 853 289 922 diligenter
308 855 351 907 est¹
369 854 552 924 disputatum.
590 856 662 908 Tota
682 854 771 924 igitur
791 854 862 907 ratio
883 855 981 907 talium

136 934 319 1003 largitionum
337 952 438 1005 genere
456 936 558 989 vitiosa
577 941 626 1003 est,
639 936 813 1005 temporibus
830 936 982 989 necessaria

136 1020 164 1065 et
179 1021 240 1068 tum
254 1014 348 1083 ipsum
364 1021 392 1069 et
407 1018 443 1069 ad
459 1016 608 1070 facultates
627 1016 865 1069 accommodanda
884 1022 912 1067 et
927 1032 982 1069 me-

137 1094 286 1147 diocritate
299 1098 473 1149 moderanda
485 1102 535 1152 est.
573 1097 679 1152 XVIII.
717 1099 759 1151 61.
779 1098 813 1149 In
825 1096 875 1148 illo
888 1103 981 1149 autem

137 1176 225 1228 altero
243 1193 344 1245 genere
360 1177 507 1247 largiendi,
521 1180 601 1246 quod
616 1196 632 1231 a
648 1178 816 1231 liberalitate
831 1174 982 1247 proficisci-

136 1260 189 1322 tur,
205 1271 267 1308 non·
281 1273 338 1309 uno
356 1259 443 1310 modo
461 1258 492 1310 in
510 1258 672 1327 disparibus
691 1258 781 1311 causis
799 1256 904 1311 adfecti
923 1274 982 1310 esse

137 1336 277 1391 debemus.
315 1338 380 1390 Alia
399 1354 483 1392 causa
501 1344 543 1391 est
559 1339 626 1407 eius,
640 1339 689 1407 qui
705 1338 863 1392 calamitate
881 1338 981 1407 premi-

136 1421 189 1484 tur,
203 1424 231 1470 et
245 1418 312 1486 eius,
329 1419 377 1487 qui
393 1436 436 1471 res
452 1419 579 1473 meliores
599 1420 708 1488 quaerit
723 1420 807 1472 nullis
826 1419 883 1471 suis
897 1420 981 1473 rebus

137 1498 269 1553 adversis.
307 1503 349 1554 62.
369 1501 539 1569 Propensior
556 1500 718 1570 benignitas
738 1517 798 1553 esse
817 1500 933 1553 debebit
950 1500 981 1551 in

137 1580 321 1650 calamitosos,
334 1581 389 1632 nisi
403 1581 475 1634 forte
494 1587 576 1634 erunt
594 1581 676 1651 digni
695 1580 860 1633 calamitate.
896 1581 930 1632 In
945 1580 981 1632 iis

136 1664 238 1725 tamen,
252 1660 302 1728 qui
314 1677 348 1716 se.
358 1660 487 1714 adiuvari
499 1662 604 1728 volent,
618 1678 675 1713 non
690 1678 725 1713 ne
740 1660 916 1729 adfligantur,
929 1661 980 1713 aad

136 1747 168 1791 ut
186 1740 314 1793 altiorem
332 1742 452 1809 gradum
471 1742 634 1808 ascendant,
648 1740 769 1794 restricti
787 1740 902 1793 omnino
922 1756 981 1792 esse

128 1822 214 1872 nullo
227 1821 312 1873 modo
327 1821 470 1888 debemus,
481 1822 530 1875 sed
542 1822 574 1874 in
587 1822 746 1891 deligendis
759 1820 869 1873 idoneis
880 1820 981 1873 iudici·

136 1906 225 1954 umet
238 1901 415 1971 diligentiam
428 1902 571 1956 adhibere.
605 1904 634 1955 N
635 1919 678 1955 am
692 1902 831 1971 praeclare
843 1899 967 1953 Ennius:

214 2018 221 2093 i
245 2030 313 2077 Bene
327 2032 395 2079 saeta
409 2033 475 2078 mule
490 2032 575 2079 locata
590 2032 655 2078 male
670 2032 737 2077 fucta
752 2031 867 2077 arbitror.

137 2145 179 2197 63.
199 2146 282 2211 Quod
296 2151 387 2199 autem
400 2146 537 2198 tributum
550 2149 592 2197 est
604 2145 678 2197 bono
691 2144 751 2199 viro
764 2148 793 2197 et
804 2149 893 2215 grato,
903 2142 934 2195 in
946 2160 980 2197 eo

137 2239 202 2276 cum
221 2242 255 2278 ex
276 2226 339 2296 ipso
356 2226 464 2278 fructus
484 2231 526 2278 est
544 2231 604 2278 tum
624 2226 708 2278 etiam
730 2241 765 2278 ex
786 2224 891 2278 ceteris
929 2224 980 2277 Tc·

136 2305 263 2357 maritate
279 2306 354 2358 enim
369 2313 474 2359 remota
489 2306 648 2375 gratissima
663 2311 705 2359 est
717 2305 877 2372 liberalitas,
891 2320 980 2372 eoque

137 2401 198 2437 earn
216 2386 369 2438 studiosius
386 2385 512 2453 plerique
531 2386 657 2453 laudant,
674 2386 751 2455 quod
770 2385 871 2438 summi
890 2384 980 2437 cuius-

137 2479 191 2531 que
205 2465 315 2517 bonItas
327 2482 473 2517 commune
486 2465 646 2536 perfirgium
659 2472 700 2518 est
714 2466 847 2519 omniurn.
878 2464 980 2517 Danda

137 2544 225 2612 igitur
241 2561 326 2614 opera
344 2546 482 2597 astutiis
498 2546 639 2599 beneficiis
658 2562 743 2614 quam
757 2546 893 2615 plurimos
911 2544 980 2597 adii-

137 2625 251 2692 ciamus,
264 2641 382 2694 quorum
394 2626 528 2679 memoria
540 2627 636 2681 liberis
648 2627 821 2696 posterisque
834 2627 978 2696 prodatur,

137 2711 169 2757 ut
180 2706 216 2757 iis
228 2706 348 2775 ingratis
361 2724 421 2760 esse
434 2725 491 2760 non
503 2708 595 2763 liceat.
633 2710 736 2762 Omnes
751 2708 825 2761 enim
837 2708 979 2760 immemo-

137 2801 194 2837 rem
209 2786 336 2838 benefieii
351 2788 470 2841 oderunt
486 2804 602 2856 eamque
620 2789 751 2843 iniuriam
767 2788 798 2841 in
814 2786 979 2841 deterrenda

137 2866 303 2919 liberalitate
316 2867 371 2920 sibi
383 2868 468 2921 etiam
481 2868 539 2921 fieri
551 2886 679 2938 eumque,
690 2870 739 2937 qui
751 2869 844 2937 iaciat,
857 2883 980 2920 commu-

137 2961 201 2998 nem
220 2948 329 3000 hostem
348 2948 507 3001 tenuiorum
527 2956 637 3017 putant,
675 2952 769 3017 Atque
791 2950 860 3002 haec
881 2948 980 3019 benig·

137 3024 210 3078 nitas
225 3028 308 3078 etiam
327 3026 366 3078 rei
384 3028 513 3095 publicae
531 3033 575 3080 est
593 3029 678 3095 utilis,
692 3028 793 3081 redimi
811 3047 826 3081 e
845 3028 980 3083 servitute

138 3111 243 3173 captos,
257 3106 424 3175 locupletari
439 3106 593 3160 tenuiores:
613 3108 690 3176 quod
705 3108 819 3176 quidem
834 3111 922 3180 vulgo
936 3126 978 3163 so
