2242 3542
48 9 254 111 artaret.
279 2 988 101 affmaffiqtapqaataaoa.

125 154 158 199 92
436 148 485 196 DE
502 146 658 198 OFFICIIS

39 252 61 293 a
86 238 101 295 il
121 230 706 301 etiamquamantetribuendaauctoritas.
732 229 964 299 Iisdemquetern

125 315 241 384 poribus
256 314 411 366 cavendum
425 318 466 365 est
481 328 516 363 ne
531 310 757 363 adsentatoribus
769 312 974 379 patefaciamus

125 410 204 447 aures
219 410 270 446 nec
289 394 397 445 adulari
412 409 463 445 nos
482 392 614 460 sinamus,
627 391 657 443 in
672 408 730 459 quo
744 392 805 444 falli
820 392 902 445 facile
917 402 972 447 est.

125 476 206 528 Tales
225 474 298 527 enim
318 490 369 525 nos
387 490 444 525 esse
463 479 604 541 putamus,
619 472 730 524 utiure
747 474 909 527 laudemur:
932 491 972 527 ex

125 572 181 622 quo
203 562 354 607 naseuntur
375 553 591 605 innumerabilia
611 559 735 622 peccota,
755 569 820 606 cum
840 555 972 608 homines

124 636 215 689 inflati
234 636 413 705 opinionibus
431 635 550 703 turpiter
570 634 722 687 irridentur
743 640 771 687 et
789 635 820 687 iu
838 637 971 688 maximis
1002 667 1006 674 ·

124 725 269 769 versantur
281 717 425 769 erroribus.
464 717 519 768 Sed
532 718 601 768 baec
615 716 731 783 quidem
744 717 887 771 hactenus,
924 720 970 769 92.

124 799 199 850 illud
219 807 311 849 antem
330 797 370 849 sic
389 802 431 848 est
446 796 790 862 iudicandun1‚maximas
807 797 867 866 geri
881 814 924 849 res
940 805 970 849 et

77 912 78 915 =
125 879 240 931 maximi
263 878 349 930 animi
371 878 407 930 ab
427 877 470 944 iis,
486 878 536 946 qui
557 894 601 930 res
618 879 749 947 publicas
768 883 874 946 regant,
890 878 970 946 quod

124 976 218 1013 earum
238 958 445 1011 administratio
464 958 599 1011 latissime
614 965 709 1027 pateat
724 960 761 1012 ad
776 959 971 1028 plurimosque

125 1041 270 1111 pertineat,
287 1057 343 1092 csse
366 1046 460 1091 antem
482 1040 579 1109 magni
601 1040 687 1093 animi
710 1046 739 1092 et
759 1040 843 1092 fuisse
864 1042 972 1092 multos

125 1122 209 1173 etiam
227 1121 257 1172 in
273 1121 331 1172 vita
350 1120 447 1184 otiosa,
462 1121 512 1187 qui
531 1127 581 1173 aut
599 1121 802 1190 investigarent
820 1125 870 1173 aut
887 1137 971 1172 cona

125 1209 219 1254 rentur
234 1218 335 1269 magna
351 1202 489 1267 quaedam
504 1218 619 1269 seseque
635 1218 745 1254 auarum
760 1217 851 1253 rerum
865 1201 974 1253 finibus

125 1282 300 1334 continerent
314 1291 362 1334 aut
375 1282 515 1334 interiecti
527 1283 604 1353 inter
614 1284 799 1352 philosophos
811 1289 839 1333 et
851 1278 971 1349 eosqui

125 1363 337 1432 rempublicam
354 1363 589 1429 administrarent,
603 1364 810 1415 delectarentur
823 1380 853 1415 re
867 1378 916 1415 sua
928 1362 971 1414 fa-

125 1444 236 1512 miliari,
252 1448 307 1495 non
328 1461 388 1496 eom
408 1444 522 1511 quidem
543 1443 619 1495 omni
641 1443 747 1495 ratione
767 1448 973 1512 exaggerantes

125 1542 214 1593 neque
230 1527 411 1577 excludentes
426 1526 461 1576 ab
477 1524 537 1577 eius
551 1540 604 1576 usu
619 1540 684 1576 suos
698 1524 847 1593 potiusque
861 1529 889 1576 et
901 1523 972 1575 ami-

125 1607 165 1657 cis
180 1606 371 1675 impertientes
387 1612 414 1657 et
433 1606 472 1657 rei
488 1604 625 1673 publicae,
639 1605 663 1656 si
678 1606 794 1671 quando
804 1621 873 1657 usus
887 1612 970 1657 essct.

125 1688 203 1752 Quae
217 1686 338 1754 primum
355 1686 424 1737 bene
440 1696 520 1753 parta
538 1685 575 1737 sit
591 1686 672 1737 nullo
687 1702 777 1754 neque
794 1685 869 1754 turpi
885 1701 972 1753 quae-

125 1774 169 1819 stu
183 1782 273 1833 neque
287 1767 393 1833 odioso,
404 1773 464 1817 tum
478 1783 562 1834 (pram
577 1766 709 1834 plurimis,
723 1756 815 1818 modo
823 1766 926 1835 dignis,
938 1782 971 1817 se

125 1848 222 1908 utilem
241 1847 380 1915 praebeat,
401 1847 504 1899 deinde
524 1854 659 1915 augeatur
677 1847 792 1914 ratione,
811 1848 970 1916 diligentia,

125 2009 230 2061 rulitati
246 2015 274 2061 et
286 2009 484 2061 beneficentiae
500 2016 606 2077 pareat.
641 2011 718 2061 Haeo
732 2011 902 2080 praescripta
915 2027 970 2062 ser-

125 2096 236 2142 vantem
251 2090 317 2143 licet
329 2090 484 2159 magnifiee,
495 2090 619 2159 graviter
630 2090 808 2157 animoseque
821 2092 914 2144 rivere
928 2098 971 2144 at·

126 2187 179 2237 qne
193 2171 276 2222 etiam
290 2171 460 2239 simpliciter,
474 2171 603 2234 fideliter,
615 2171 688 2223 ritae
702 2171 845 2222 bominum
858 2172 955 2225 amice.

109 2279 115 2319 q
161 2253 279 2309 XXVII.
317 2255 358 2305 93.
376 2252 507 2319 Sequitur
525 2258 556 2304 ut
575 2253 610 2304 de
629 2268 685 2304 nna
703 2252 811 2319 reliqua
824 2258 904 2320 parte
918 2252 968 2303 lio

111 2340 114 2408 t
126 2333 241 2384 aestatis
256 2333 408 2384 dicendum
424 2332 468 2398 sit,
482 2333 510 2384 in
525 2350 581 2401 qna
593 2333 761 2385 verecundia
774 2339 801 2385 et
815 2333 894 2400 quasi
907 2332 969 2400 qui»

112 2411 191 2471 {darn
207 2419 321 2465 ornatus
333 2412 415 2479 ritae,
428 2414 613 2481 temperantia
625 2421 654 2466 et
669 2414 807 2466 modestia
821 2414 969 2481 omnisque

125 2494 234 2546 sedatio
249 2494 492 2561 perturbationum
508 2495 595 2546 animi
609 2500 638 2547 et
656 2512 745 2547 rerum
765 2497 866 2547 modus
881 2494 968 2547 cerni-

113 2585 177 2628 ttur.
217 2576 279 2625 Hoc
299 2576 360 2625 loeo
376 2574 535 2627 continetur
548 2575 588 2642 id,
603 2576 680 2642 quod
699 2575 756 2627 dici
771 2576 870 2627 Latine
885 2576 968 2638 deeo-

59 2628 77 2698 sl
111 2670 186 2736 'rum
206 2661 315 2723 potest:
336 2655 440 2707 Graece
459 2655 533 2707 cuim
553 2658 652 2724 πρέπον
668 2656 780 2708 dicitnr.
817 2655 909 2707 Huius
924 2654 972 2707 via

106 2739 158 2800 [lca
171 2742 220 2801 est,
234 2742 266 2788 ut
279 2737 314 2788 ab
327 2736 447 2788 honesto
459 2754 516 2788 non
530 2742 615 2804 queat
627 2736 756 2805 separari.
794 2738 836 2789 94.
852 2737 924 2789 Nam
938 2743 968 2788 et

111 2800 203 2890 {quod
218 2818 299 2869 decet
311 2817 462 2868 honestum
474 2823 516 2869 cst
529 2824 557 2869 et
571 2818 649 2883 qnod
661 2818 809 2869 honestum
822 2824 866 2869 est
877 2819 967 2870 decet.

120 2897 222 2962 §Qualis
241 2903 332 2949 autom
353 2898 511 2949 differentia
528 2898 565 2949 sit
580 2898 690 2949 honesti
706 2903 734 2949 et
749 2898 844 2949 decori
857 2898 970 2949 facilius

119 2964 253 3044 iintellegi
269 2992 352 3043 quam
370 2976 513 3043 explanari
530 2981 630 3043 potest.
669 2976 815 3043 Quidquid
832 2983 875 3029 est
893 2977 970 3030 enim

120 3056 204 3121 quod
219 3057 324 3120 deceat,
338 3056 369 3106 id
385 3061 444 3106 tum
464 3062 666 3123 apparatuum
684 3061 843 3123 antegressa
861 3065 902 3109 est
919 3059 970 3110 lio-

121 3140 226 3188 ¹nestas.
263 3137 362 3202 Itaque
375 3150 433 3185 nou
444 3136 534 3187 serlum
550 3135 582 3185 in
595 3135 654 3187 bae.
663 3138 743 3203 parte
755 3136 918 3203 honestatis,
931 3137 971 3189 de
