2242 3542
282 142 351 191 LlB.
368 142 415 204 11.‚
433 142 510 192 CAP.
527 141 710 205 XX.-XXII.‚
727 141 742 202 §
757 144 846 193 71-76.
940 145 986 192 143

142 226 313 281 constitutae
325 232 396 281 sunt.
433 228 462 281 N
462 244 515 295 arn,
525 226 577 280 etsi
586 228 659 280 duce
671 231 770 280 natura
779 217 987 297 congregaban-

144 314 190 361 tur
208 309 341 375 homines,
355 313 448 361 tamen
466 325 515 377 spe
534 308 681 361 custodiae
701 324 794 361 rerum
813 324 924 360 suarum
944 324 987 361 ur-

144 389 223 441 bium
241 388 380 457 praesidia
397 390 576 456 quaerebant.
616 390 658 442 74.
677 389 782 441 Danda
799 388 884 441 etiam
904 404 988 458 opera

144 474 186 523 est
199 486 243 537 ne,
251 470 327 538 quod
340 470 417 539 apud
429 470 547 523 maiores
559 475 669 523 nostros
682 486 764 539 saepe
776 470 861 523 fiebat
874 476 988 539 propter

144 551 244 604 aerarii
253 550 417 604 tenuitatem
429 551 687 620 adsiduitatemque
695 551 842 621 bellorum,
850 551 988 603 tributum

143 632 181 685 sit
193 632 401 699 eonferendum,
409 632 497 700 idque
509 648 544 684 ue
557 632 668 684 eveniat
680 635 770 685 multo
783 638 848 684 ante
859 631 913 683 erit
926 648 988 700 pro-

145 712 308 765 videndum.
346 712 396 765 Sin
410 728 482 779 quae
501 712 652 764 necessitas
667 712 752 764 huius
766 710 889 764 muneris
904 710 988 763 alicui
1065 744 1068 750 ‚

145 792 329 862 reipublicae
344 792 601 845 obvenerit—male
620 791 695 844 enim
713 791 762 844 alii
777 807 862 859 quam
877 795 987 843 nostrae

145 873 270 940 ominari,
282 889 373 941 neque
388 877 481 924 tamen
497 872 532 924 dc
548 878 652 938 nostra,
666 873 717 924 sed
732 873 768 924 de
783 872 859 924 omni
875 888 904 923 re
918 872 988 939 pub

145 954 199 1006 lica
218 952 466 1022 disputo-danda
482 952 537 1004 erit
552 968 636 1021 opera
654 957 686 1004 ut
699 968 797 1005 omncs
813 951 987 1019 intellegant,

144 1034 169 1085 si
182 1033 253 1087 salvi
267 1048 326 1085 esse
339 1034 434 1099 velint,
447 1032 606 1085 necessitati
620 1048 681 1085 esse
693 1034 856 1102 parendum.
893 1030 988 1099 Atque

144 1113 229 1166 etiam
248 1128 351 1181 omnes,
366 1112 415 1180 qui
433 1128 490 1164 rem
509 1112 652 1182 publicam
670 1112 877 1181 gubernabunt,
890 1127 989 1164 consu-

145 1195 200 1246 lere
214 1194 364 1259 debebunt,
375 1197 407 1245 ut
420 1208 514 1245 cerum
526 1210 617 1246 rerum
628 1194 712 1263 eopia
724 1193 769 1262 sit,
780 1210 851 1263 quae
864 1197 929 1245 sunt
943 1209 988 1245 ne-

144 1274 286 1327 cessariae.
323 1274 446 1339 Quarum
466 1273 557 1340 qualis
578 1274 751 1343 comparatio
770 1274 831 1326 fieri
852 1275 940 1326 soleat
960 1277 989 1325 et

145 1356 248 1407 debeat
259 1370 316 1405 non
331 1358 373 1405 cst
388 1369 497 1405 necesse
510 1353 670 1421 disputare:
690 1358 731 1406 cst
746 1353 821 1406 enim
835 1353 864 1405 in
877 1369 988 1423 promp-

144 1440 191 1488 tu:
207 1438 319 1487 tanturn
333 1434 412 1485 locus
429 1432 612 1501 attingendus
626 1433 688 1486 fuit
726 1435 768 1487 75.
788 1434 881 1503 Caput
895 1437 988 1486 autem

145 1522 188 1567 cst
206 1514 236 1565 in
255 1513 332 1565 omni
346 1512 542 1583 procuratione
560 1514 669 1583 negotii
686 1518 716 1566 ct
731 1514 853 1567 muneris
871 1514 988 1584 publici,

145 1601 177 1648 ut
198 1593 330 1648 avaritiae
349 1595 472 1663 pellatur
492 1593 578 1646 etiam
597 1594 713 1647 minima
734 1594 864 1664 suspicio.
902 1596 988 1649 “Uti-

145 1678 234 1729 nam”
250 1674 344 1743 inquit
359 1675 389 1728 C.
400 1673 517 1727 Pontius
533 1674 643 1727 Samnis
659 1677 721 1729 “ad
735 1676 785 1729 illa
799 1681 927 1746 tempora
943 1694 988 1731 me

145 1756 257 1810 fortuna
271 1755 466 1809 reservavisset
480 1759 509 1807 et
521 1759 583 1808 tum
596 1772 684 1808 essem
699 1761 789 1822 natus,
803 1758 918 1824 quando
933 1760 988 1811 Ro·

145 1838 223 1890 mani
242 1837 317 1889 dona
338 1836 464 1906 accipere
486 1836 659 1905 coepissent!
695 1838 761 1890 Non
783 1854 870 1890 essem
891 1854 989 1907 passus

147 1917 255 1969 diutius
269 1933 316 1969 eos
330 1917 493 1985 imperarc.’‘
529 1918 574 1969 Ne
589 1916 631 1968 illi
646 1918 735 1969 multa
750 1919 859 1970 saecula
877 1934 987 1989 exspec-

146 1998 235 2049 tanda
248 1996 367 2049 fuerunt.
405 1997 493 2048 Modo
512 1996 588 2048 cnim
603 1998 656 2048 hoe
671 1998 776 2049 malum
794 1997 823 2049 in
839 1998 913 2051 hanc
931 2016 988 2051 rem

147 2076 291 2146 publicam
316 2076 427 2129 invasit.
466 2077 567 2143 Itaque
587 2076 669 2129 facile
694 2078 787 2147 patior
809 2082 871 2131 turn
895 2080 989 2148 potius

147 2156 282 2210 Pontium
296 2155 388 2223 fuisse,
402 2156 425 2208 si
441 2155 556 2223 quidem
571 2156 601 2208 in
615 2157 665 2209 illo
680 2163 791 2211 tantum
804 2158 859 2211 fuit
873 2159 988 2212 roboris.

147 2236 283 2291 Nondum
298 2240 409 2288 centum
421 2240 449 2287 et
463 2236 560 2288 decem
576 2238 642 2289 anni
654 2243 727 2305 sunt,
738 2255 803 2291 cum
816 2240 851 2291 dc
864 2240 990 2309 pecuniis

147 2316 311 2387 repetundis
323 2333 340 2368 a
352 2318 382 2370 L.
392 2316 493 2369 Pisone
506 2317 564 2369 lata
575 2318 621 2370 lex
634 2323 683 2386 est,
691 2321 769 2371 nulla
781 2324 863 2372 antea
876 2336 940 2371 eum
948 2320 990 2373 fu-

147 2400 222 2451 isset.
259 2398 299 2449 At
313 2412 379 2449 vero
394 2403 492 2465 postea
510 2400 553 2449 tot
568 2398 644 2467 leges
662 2403 691 2451 et
704 2399 848 2468 proximae
863 2414 989 2469 quaeque

147 2479 281 2546 duriores,
291 2482 335 2531 tot
350 2478 398 2544 rei,
408 2481 452 2529 tot
466 2478 601 2546 damnati,
614 2483 724 2531 tantum
739 2480 870 2532 Italicum
887 2481 990 2533 bellum

147 2568 264 2631 propter
281 2558 451 2612 iudiciorum
470 2564 577 2611 metum
597 2559 758 2625 excitatum,
774 2565 853 2612 tanta
874 2560 991 2613 sublatis

147 2642 258 2711 legibus
276 2647 304 2692 et
318 2638 432 2691 iudiciis
451 2639 587 2709 expilatio
602 2640 780 2710 direptioque
798 2640 945 2708 sociorum,
959 2649 991 2693 ut

146 2721 342 2775 imbecillitate
366 2720 493 2787 alierum,
513 2737 572 2773 non
595 2726 691 2773 nostra
713 2722 818 2775 virtute
839 2723 989 2774 veleamus.

147 2803 239 2856 XXII.
278 2802 320 2854 76.
337 2801 449 2853 Laudat
462 2799 626 2853 Africanum
644 2801 800 2869 Panaetius,
814 2802 892 2869 quod
906 2800 990 2852 fuerit

147 2882 297 2935 abstinens.
335 2880 442 2947 Quidni
461 2881 576 2934 laudetl
614 2883 669 2935 Sed
687 2881 717 2934 in
735 2883 785 2935 illo
804 2882 858 2934 alia
876 2880 989 2933 maiora.

147 2962 222 3015 Laus
239 2960 424 3012 abstinentiae
442 2976 499 3011 non
518 2960 641 3012 heminis
661 2968 703 3015 est
720 2964 818 3027 solum,
836 2962 887 3015 sed
905 2960 991 3013 etiarn

146 3048 306 3109 temporum
317 3040 436 3093 illorum.
475 3040 559 3092 Omni
569 3042 754 3095 Macedonum
767 3059 844 3112 gaza,
854 3056 925 3108 quae
934 3039 990 3093 fuit

146 3122 279 3185 1111111111,
290 3122 397 3190 potitus
409 3124 451 3172 est
461 3122 581 3188 Paullus,
591 3126 701 3174 tantum
715 3123 746 3175 in
758 3122 894 3175 aerarium
906 3137 990 3191 pecu·
