2242 3542
310 608 356 673 M.
374 606 552 671 TULLII
587 600 870 671 CICERONIS

167 755 226 831 111
260 755 474 833 urricus
504 754 567 829 AD
601 754 807 831 MARCUM
841 754 1011 831 FILIUM

410 903 543 964 arnna
567 902 761 964 nannius

431 1159 738 1212 ARGUMENTUM.

198 1260 255 1311 Hoc
267 1260 331 1310 libro
345 1261 382 1310 M.
395 1260 493 1309 Tullius
510 1260 638 1323 prooemio
655 1259 800 1323 praemisso,
815 1259 842 1308 in
856 1274 906 1325 quo
919 1260 951 1310 de
964 1262 1009 1311 otii

165 1326 203 1375 sui
223 1327 318 1375 ratione
337 1327 441 1389 exponit
457 1335 483 1375 et
502 1325 582 1374 filium
602 1326 635 1373 ad
655 1326 738 1373 studia
757 1325 862 1374 colenda
883 1326 1007 1389 hortatur,

164 1406 254 1454 cap,
231 1395 241 1439 1
265 1394 280 1439 2
282 1390 386 1452 §1-‚6
399 1400 492 1440 restare
507 1392 543 1439 ait
557 1391 658 1439 tertium
673 1391 824 1453 quaestionis
841 1406 899 1439 suae
914 1391 1005 1452 locum,

165 1457 367 1517 praetermissum
380 1472 396 1504 a
408 1457 539 1515 Panaetio,
552 1456 584 1504 de
598 1457 758 1504 contentione
772 1455 909 1505 honestatis
923 1465 949 1505 et
960 1458 1008 1505 uti-

163 1521 251 1581 litatis,
262 1536 314 1583 cap.
327 1519 376 1581 2,§
389 1525 462 1583 7-10,
473 1522 517 1584 qui
529 1522 601 1570 locus
614 1522 665 1569 etsi·
675 1520 784 1569 dubitari
797 1521 877 1584 possit
891 1536 952 1569 num
966 1522 1007 1571 hic

164 1586 310 1635 tractandus
323 1601 376 1635 esse
386 1587 506 1647 videatur,
519 1596 650 1649 propterea
664 1586 731 1649 quod
749 1586 878 1634 honestum
894 1586 960 1649 quod
974 1588 1007 1636 sit

163 1666 300 1714 numquam
312 1666 369 1700 cum
381 1652 438 1700 utili
448 1666 559 1715 pugnare
571 1667 642 1713 posse
654 1650 861 1700 videatur-nihil
873 1652 941 1700 enim
953 1666 1007 1701 esse

163 1717 225 1765 utile
235 1717 300 1779 quod
312 1731 362 1765 non
373 1717 440 1766 idem
452 1718 700 1766 honestum-tamen
709 1732 828 1780 apparere
837 1716 898 1765 dicit
907 1716 1005 1765 Panae-

163 1782 227 1830 tium
243 1797 300 1831 eam
316 1797 419 1831 eausam
438 1790 590 1845 pertractare
608 1781 722 1842 voluisse,
737 1798 789 1845 cap.
807 1785 864 1842 3-7,
879 1781 893 1841 5
914 1784 1002 1831 11-34.

162 1848 267 1896 Etcum
278 1862 338 1897 sane
351 1848 477 1897 interdum
487 1848 573 1910 aliqua
586 1848 679 1911 speeies
692 1847 807 1896 utilitatis
821 1848 905 1911 offerri
917 1848 1002 1910 possit,

163 1927 227 1976 qnae
247 1928 303 1961 cum
324 1913 586 1975 honestate-pugnare
604 1913 725 1973 videatur,
739 1913 775 1961 ait
794 1928 820 1961 se
838 1912 903 1961 hunc
921 1914 1005 1962 locum

163 1978 287 2040 suscipere
300 1978 371 2039 velle,
383 1987 408 2027 et
424 1978 550 2041 explicata
567 1977 682 2026 universa
698 1986 788 2025 natura
806 1978 928 2037 utilitatis,
941 1993 1004 2040 quac

163 2058 219 2090 curu
232 2044 385 2105 turpitudine
395 2043 469 2106 plane
480 2058 533 2093 esse
546 2058 597 2091 non
609 2043 693 2105 possit,
705 2058 758 2105 cap.
772 2046 795 2102 8,
805 2046 830 2104 9,
842 2042 856 2101 ἓ
869 2045 956 2099 35-39,
966 2052 1004 2091 ta-

163 2122 221 2156 men
232 2108 347 2157 concedit
359 2109 485 2157 interdum
498 2116 600 2171 propter
614 2109 720 2170 speciem
734 2108 811 2155 falsae
826 2107 940 2156 utilitatis
954 2122 1004 2156 non

163 2174 243 2221 solum
259 2174 285 2221 in
302 2174 376 2222 rebus
393 2175 599 2236 privatis,rerum
615 2175 692 2223 etiam
708 2174 734 2221 in
750 2173 855 2236 publicis
871 2173 898 2221 in
915 2173 1002 2233 digno·

163 2239 255 2287 scenda
265 2239 373 2287 utilitate
384 2248 409 2288 et
420 2240 549 2288 honestate
560 2239 663 2287 tituburi
673 2252 753 2301 posse,
764 2254 817 2301 cap.
829 2241 869 2299 10,
882 2242 918 2300 11,
931 2237 1004 2299 §40-

162 2306 202 2352 49.
239 2304 329 2367 Itaque
340 2305 448 2366 primum
460 2304 491 2353 de
502 2303 621 2367 peculiari
635 2304 793 2352 contentione
804 2303 926 2364 utilitatis,
939 2320 1003 2366 quae

162 2368 294 2430 prudentia
306 2369 383 2417 videri
393 2370 459 2429 velit,
472 2385 529 2417 cum
542 2369 639 2417 iustitia
652 2370 711 2431 agit,
723 2385 776 2432 cup.
788 2372 873 2430 12-25,
885 2368 898 2428 ἓ
912 2372 1000 2429 50-95,

162 2433 253 2482 deinde
264 2434 295 2481 de
307 2436 465 2483 contentione
476 2436 591 2483 utilitatis
603 2450 660 2483 cum
669 2434 816 2483 fortitudine
826 2435 937 2497 exponit,
947 2450 1000 2497 cap.

161 2501 253 2560 26-32,
264 2497 279 2557 ἃ
290 2501 397 2561 97-115,
406 2500 513 2563 denique
526 2501 558 2549 de
571 2502 729 2549 contentione
742 2500 858 2548 utilitatis
872 2516 929 2549 eum
942 2508 1005 2549 tem-

161 2564 275 2627 perantia
291 2565 410 2628 disputut‚
421 2580 475 2628 cap.
488 2568 530 2626 33,
545 2565 559 2625 §
574 2568 695 2627 116-120,
706 2574 732 2614 et
749 2565 816 2614 breui
833 2566 930 2627 epilogo
946 2580 1005 2615 con-

161 2629 239 2680 cludit
250 2640 434 2692 argumentum,
446 2630 460 2689 ὃ
475 2633 529 2679 121.

196 2749 219 2801 I.
251 2750 274 2802 1.
290 2750 321 2802 P.
336 2747 503 2817 Scipionem,
513 2748 607 2800 Meroe
619 2747 668 2813 fili,
677 2762 748 2814 eum,
757 2746 807 2815 qui
818 2746 926 2815 primus
934 2746 1006 2799 Afri·

161 2843 249 2880 canus
264 2830 421 2897 appellatus
439 2827 483 2895 sit,
498 2828 591 2880 dicere
606 2827 719 2880 solitum
739 2827 850 2896 scripsit
865 2828 934 2880 Cato
936 2828 1006 2894 ,qui

161 2907 252 2960 fnit
228 2924 288 2961 erus
299 2909 356 2961 fere
369 2908 500 2976 aequalis,
511 2924 663 2976 numquam
674 2907 803 2960 seminus
816 2908 937 2960 otiosum
947 2924 1005 2960 esse

161 3004 247 3056 quam
261 3005 324 3041 cum
340 2989 454 3056 otiosus,
468 3004 520 3040 nec
534 2988 628 3040 minus
643 2989 741 3055 solurn,
752 3004 848 3079 quarn
851 3004 915 3040 curn
930 2989 1006 3040 solus
1027 3010 1035 3035 a

161 3075 241 3123 esset.
278 3068 428 3138 Magnifica
442 3085 508 3120 vero
523 3086 581 3121 vox
596 3073 624 3121 et
639 3085 742 3138 magno
756 3068 816 3121 viro
832 3083 864 3121 ac
850 3056 1005 3136 sapiente

162 3149 265 3220 digna·
287 3164 359 3218 quae
371 3149 495 3201 declarat
504 3148 585 3201 ilium
599 3147 647 3202 et
638 3164 669 3200 1n
681 3147 740 3202 otio
751 3148 786 3201 de
798 3146 920 3218 negotiis
930 3147 1022 3231 cogi
