2242 3542
136 142 182 189 148
451 140 501 189 DE
518 140 677 191 OFFICIIS.

134 229 260 299 corporis
274 228 323 297 sic,
336 234 370 282 ut
383 229 459 283 bono
472 231 608 284 valetudo
622 230 763 300 voluptati
782 232 979 300 anteponatur,

133 311 206 365 vires
225 309 370 379 celeritati,
386 316 565 365 externorum
583 316 684 380 autem,
697 316 729 365 ut
750 311 842 381 glorie
861 311 979 380 divitiis,

86 419 88 421 ’
134 390 285 462 vectigalis
297 391 403 443 urbana
415 391 534 445 rusticis.
571 395 612 445 89.
628 393 672 445 Ex
686 408 742 460 quo
754 408 857 461 genere
869 408 979 462 compo·

134 472 250 525 rationis
261 472 335 524 illud
346 478 390 524 est
399 472 514 525 Catonis
526 472 615 526 senis:
634 489 652 525 a
660 488 717 541 quo
727 488 792 525 cum
802 480 979 540 quaereretur

134 552 230 620 “quid
247 552 370 607 maxime
387 553 417 605 in
436 569 465 606 re
480 553 611 606 familiari
630 552 764 623 expedire
778 554 802 621 ,”
815 554 977 622 respondit:

134 635 234 686 “Bene
257 635 397 703 pascere.”
435 634 536 700 “Quid
557 634 748 688 secunduml”
787 622 886 687 “Setis
906 634 979 686 bene

133 716 270 783 poscere.‘’
302 718 317 743 “
327 714 403 781 Quid
413 714 528 767 tertium
537 716 564 768 l”
596 715 693 767 “Male
703 716 842 783 pascere.”
875 708 979 780 “'Quid

134 799 264 863 quartum
273 796 300 849 2²²
332 795 468 850 “Arare'‘
498 798 536 847 Et
545 810 610 847 cum
619 794 675 862 ille,
685 794 734 863 qui
744 794 909 863 quaesierat,
917 794 979 847 dix-

133 875 215 929 isset:
242 879 258 904 “
268 874 344 941 Quid
359 874 477 928 fenerari
485 876 513 929 2³³
532 879 594 927 tum
610 876 695 929 Coto:
716 875 815 941 “Quid
834 874 979 927 hominem

134 955 261 1008 occidere
272 958 300 1010 l'’
337 956 381 1007 Ex
391 972 448 1024 quo
460 959 489 1007 et
501 955 598 1009 multis
613 955 675 1009 eliis
686 955 815 1025 intellegi
827 956 913 1009 debet
925 955 979 1008 uti-

134 1036 250 1089 litatum
259 1036 480 1105 comporotiones
489 1036 548 1090 fieri
558 1039 647 1090 solere
656 1042 785 1107 reeteque
795 1038 850 1089 hoo
863 1036 979 1089 adiunc-

133 1123 195 1169 tum
216 1134 276 1170 esse
295 1123 428 1185 quartum
446 1118 682 1186 exquirendorum
704 1118 859 1171 officiorum
880 1134 977 1187 genus.

134 1201 176 1251 90.
198 1197 253 1250 Sed
271 1202 333 1251 toto
353 1198 408 1250 hoo
427 1199 463 1251 de
482 1214 592 1267 genere,
605 1200 641 1251 de
658 1200 825 1267 quaerendo,
838 1200 875 1251 (le
893 1199 978 1251 collo-

133 1279 223 1331 canda
237 1277 365 1349 pecunie,
379 1280 506 1347 [vellem]
523 1279 609 1333 etium
624 1280 660 1332 de
674 1281 789 1345 utenda,
802 1280 978 1334 commodius

133 1377 150 1413 o
162 1360 334 1429 quibusdem
346 1359 462 1430 optimis
474 1360 541 1415 viris
556 1361 595 1413 ed
609 1361 709 1413 Ionum
721 1361 845 1414 medium
858 1362 978 1415 sedenti-

133 1441 187 1493 bus
199 1458 283 1510 quam
298 1441 335 1494 ab
349 1441 416 1494 ullis
429 1440 608 1510 philosophis
622 1442 681 1494 ulle
695 1441 726 1493 in
741 1443 836 1495 schole
852 1442 977 1512 dispute-

133 1526 186 1575 tur.
225 1522 297 1574 Sunt
310 1526 404 1575 tomen
419 1538 451 1575 ea
466 1522 678 1590 cognoscenda:
698 1521 840 1591 pertinent
853 1522 926 1575 enim
939 1524 978 1575 ud

133 1600 293 1669 utilitatem,
304 1601 341 1655 de
353 1618 410 1670 qua
424 1602 478 1654 hoc
494 1602 567 1655 libro
582 1600 758 1671 disputatum
771 1607 820 1658 cst.
857 1602 977 1672 Reliqua

133 1680 266 1751 deinceps
277 1696 483 1750 persequemur.
