2242 3542
70 39 81 77 i
98 14 183 83 ,baa
198 27 291 74 tat..-
314 16 346 71 is
364 18 476 97 Q
492 2 588 59 lm.

116 152 166 197 132
429 115 650 200 nnorrreus

116 236 210 285 autem
225 232 316 302 prima
334 236 410 284 aetas
426 235 542 300 propter
557 230 748 283 humilitatem
765 234 793 283 et
810 229 962 283 obscurus

116 319 173 366 tem
197 312 227 365 in
252 313 399 365 hominum
423 312 602 381 ignoratione
623 317 756 378 versatur,
773 311 802 378 ii,
822 311 905 363 simul
929 327 963 364 oe

115 394 231 446 iuvenes
247 409 305 445 esse
319 400 479 461 coeperunt,
493 408 596 461 magna
614 398 740 461 spectare
758 397 787 443 et
802 392 839 443 ad
854 408 887 444 ea
905 408 963 443 rec-

116 472 153 524 tis
168 472 270 525 studiis
284 473 390 525 debent
405 474 584 541 contendere,
596 472 674 539 quod
687 488 720 524 eo
732 470 853 523 firmiore
868 471 964 523 animo

115 553 229 619 sacient,
246 554 312 621 quia
331 569 388 605 non
407 553 493 605 modo
511 569 569 605 non
586 553 732 605 invidetur
750 552 794 604 illi
812 552 906 619 aetati,
917 569 963 604 ve

115 650 176 685 rum
190 634 273 685 etiam
286 632 402 687 favetur.
440 633 536 686 Prima
548 638 591 686 est
603 634 691 703 igitur
704 632 875 686 adolescenti
888 648 963 685 corn-

115 714 260 767 mendatio
275 714 312 766 ad
327 713 456 783 gloriam,
469 714 493 765 si
508 730 564 783 qua
580 730 613 765 ex
629 713 739 765 bellicis
753 714 837 765 rebus
851 729 962 781 compa

116 796 171 846 rari
184 800 286 863 potest,
299 794 330 845 in
343 810 398 862 qua
409 794 492 846 multi
506 794 584 863 apud
596 794 717 846 maiores
726 798 836 846 nostros
851 792 963 845 exstite

116 881 196 927 runt:
216 890 326 942 semper
337 874 411 927 enirn
423 874 483 926 fere
493 875 568 927 bella
581 874 757 942 gerebantur.
793 874 855 925 Tua
867 878 964 925 autem

116 961 193 1006 aetas
211 955 315 1008 incidit
332 955 363 1006 in
381 954 413 1006 id
431 956 544 1021 bellum,
560 955 641 1006 cuius
661 955 748 1006 altera
766 969 833 1022 pars
851 952 965 1005 sceleris

115 1035 235 1087 nimium
254 1035 361 1102 habuit,
377 1037 464 1087 altera
481 1035 625 1087 felicitatis
642 1051 749 1103 parum,
787 1034 850 1100 Quo
868 1037 964 1085 tamen

116 1114 146 1166 in
172 1117 245 1168 bello
269 1132 335 1168 cum
360 1122 389 1167 te
413 1115 566 1183 Pompeius
589 1116 651 1167 alac
674 1114 755 1167 alteri
777 1113 963 1183 praefecisset,

117 1212 247 1264 magnam
260 1197 373 1248 laudern
388 1200 416 1247 et
431 1212 448 1247 a
463 1211 572 1247 summo
586 1194 647 1246 viro
662 1198 690 1246 et
705 1195 742 1247 ab
757 1194 882 1247 exercitu
897 1209 964 1245 con·
981 1228 985 1231 -

116 1276 267 1344 sequebare
285 1276 449 1343 equitando,
463 1274 623 1343 iaculando,
637 1275 714 1327 omni
733 1274 848 1327 militari
867 1274 965 1326 labore

117 1357 272 1410 tolerando.
310 1356 404 1425 Atque
419 1372 452 1408 ea
466 1356 582 1424 quidem
597 1360 647 1407 tua
661 1356 722 1407 lans
736 1355 841 1423 pariter
855 1370 918 1406 eum
933 1371 966 1407 re

116 1437 232 1504 publica
245 1436 356 1491 cecidit.
387 1436 460 1488 Mihi
472 1441 566 1488 antem
579 1436 648 1487 haec
661 1434 752 1488 oratio
764 1442 892 1504 suscepta
905 1450 964 1487 non

118 1517 154 1570 de
167 1517 257 1585 teest,
271 1519 321 1571 sed
334 1518 370 1570 de
385 1533 487 1587 genere
499 1522 577 1569 toto:
597 1532 682 1584 quam
695 1516 733 1567 ob
745 1531 804 1567 rem
815 1532 966 1585 pergarnus

118 1597 155 1649 ad
174 1613 212 1665 ea,
229 1614 301 1664 quae
318 1603 433 1651 restant.
468 1597 511 1649 46.
532 1598 572 1650 Ut
591 1596 680 1665 igitur
698 1595 728 1647 in
746 1595 861 1665 reliquis
879 1596 967 1647 rebus

118 1679 207 1730 multo
220 1678 325 1731 maiora
338 1694 421 1746 opera
434 1682 502 1753 'sunt
515 1677 603 1729 animi
616 1693 701 1744 quam
713 1676 846 1745 corpolis,
859 1675 899 1728 sic
914 1692 965 1729 eae

56 1800 65 1824 ,
118 1774 170 1825 res,
189 1775 259 1826 quas
281 1758 395 1827 ingenio
421 1774 453 1810 ac
477 1758 587 1809 ratione
607 1756 806 1827 persequimur,
826 1756 967 1827 gratiores

118 1843 184 1891 sunt
208 1855 293 1906 quarn
317 1836 391 1905 illae,
412 1854 483 1906 quas
504 1837 620 1891 viribus.
657 1837 752 1890 Prima
775 1837 864 1907 igitur
888 1853 965 1889 coin-

119 1919 264 1972 mcndatio
280 1918 467 1988 proficiscitur
480 1934 497 1969 a
511 1917 658 1985 modestia,
672 1923 733 1971 tum
747 1917 853 1987 pietate
870 1917 901 1969 in
917 1934 965 1986 pa—

118 2006 219 2068 rentes,
233 2000 264 2052 in
283 2016 349 2052 suos
366 1998 570 2052 benevolentia.
608 1998 754 2051 Facillime
775 2004 868 2051 autem
887 2004 914 2050 et
933 1997 965 2049 in

119 2081 256 2150 optimam
267 2086 376 2149 partem
389 2086 598 2148 cognoscuntur
610 2078 808 2145 adolescentes,
822 2078 871 2146 qui
884 2094 913 2130 se
925 2078 965 2130 ad

120 2162 209 2213 claros
223 2165 251 2213 et
263 2160 402 2229 sapientes
414 2159 490 2212 viros
501 2158 573 2210 bene
588 2159 766 2211 consulentes
779 2158 819 2210 rei
832 2157 966 2227 publicae

120 2243 306 2309 contulerunt,
319 2240 486 2308 quibuscum
501 2239 525 2289 si
540 2237 699 2307 frequentes
714 2244 788 2307 sunt,
801 2238 965 2308 opinionem

119 2322 250 2373 adferunt
264 2322 371 2390 populo
390 2335 485 2372 corum
499 2318 559 2371 fore
578 2336 606 2370 se
625 2319 737 2385 similes,
751 2334 821 2386 quos
840 2318 895 2371 sibi
909 2318 964 2387 ipsi

120 2402 285 2470 delegerunt
305 2402 342 2453 ad
362 2399 540 2452 imitandum.
577 2398 965 2459 superintendamus

120 2483 189 2535 tiam
208 2483 245 2534 ad
265 2480 425 2550 opinionem
445 2470 481 2532 et⁴
491 2478 668 2531 innocentiae
692 2484 720 2531 et
740 2479 808 2532 iuris
830 2479 966 2532 scientiae

119 2565 151 2617 P.
162 2562 249 2615 Mucii
261 2561 471 2614 commendavit
484 2561 594 2614 domus.
630 2561 703 2613 Nam
716 2562 746 2615 L.
758 2560 873 2628 quidem
887 2561 966 2613 Ores-

121 2661 174 2709 sus
187 2660 252 2696 cum
267 2649 338 2696 esset
353 2642 507 2695 admodum
521 2642 690 2707 adolescens,
704 2658 759 2693 non
776 2641 890 2694 aliunde
905 2657 964 2692 mu-

120 2731 215 2777 tuatus
233 2728 282 2790 est,
295 2724 345 2776 sed
365 2722 418 2776 sibi
433 2722 493 2791 ipse
508 2721 618 2791 peperit
633 2722 784 2774 niaximum
798 2721 910 2774 laudern
929 2737 965 2773 ex

120 2804 170 2858 illa
188 2804 363 2857 accusatione
382 2803 472 2855 nobili
490 2809 519 2854 et
537 2802 667 2870 gloriosa,
682 2808 717 2869 et,
731 2819 787 2870 qua
806 2807 895 2855 aetate
915 2801 965 2870 qui

121 2890 290 2950 exercentur,
303 2884 387 2936 laude
405 2882 488 2935 adfici
503 2883 601 2949 solent,
615 2887 647 2933 ut
662 2883 706 2934 de·
714 2883 902 2935 Demosthene
921 2897 966 2933 sc-

122 2964 254 3033 oepbam,
270 2980 303 3016 ea
324 2967 415 3015 aetate
432 2963 463 3014 L.
478 2964 593 3014 Crassus
611 2962 736 3015 ostendit
754 2963 786 3015 id
806 2979 835 3015 sc
855 2962 885 3014 in
904 2962 967 3016 foro

122 3045 228 3112 optime
242 3044 299 3096 iam
311 3042 408 3107 facere,
422 3042 499 3109 quod
515 3041 600 3094 etiam
613 3046 673 3094 turn
686 3048 795 3113 poterat
808 3043 886 3095 domi
901 3059 967 3095 curn

124 3124 206 3177 laude
220 3123 358 3177 meditari.
394 3123 471 3175 XIV.
506 3124 551 3175 ts.
571 3122 628 3175 Sed
642 3138 705 3175 cum
721 3124 826 3192 duplex
841 3123 913 3177 ratio
928 3122 968 3176 sit
