2242 3542
299 180 369 228 nra.
386 180 450 241 111,
466 179 544 229 ear.
561 178 637 227 xix.
654 178 726 240 xx,
744 178 758 237 s
774 181 862 228 rasa.
957 181 1003 227 175

160 270 286 336 tempore
298 271 346 319 aut
359 266 456 320 vivum
470 269 520 318 aut
534 271 676 319 mortuum
687 266 854 335 Iugurtham
870 280 898 317 11
913 264 944 316 in
955 280 1004 333 po·

159 353 290 401 testatem
307 348 405 417 populi
421 342 541 401 Romani
560 347 763 401 redacturum.’³
800 348 899 413 Itaque
913 345 1004 397 factus

160 436 202 482 est
216 429 264 496 ille
275 429 392 497 quidem
407 430 513 495 consul,
524 430 574 482 sed
590 446 607 481 a
619 428 675 502 fide
689 427 853 494 iustitiaque
867 426 1003 491 discessit,

159 509 211 577 qui
222 509 361 579 optimum
374 514 402 561 et
414 508 610 577 gravissimum
623 508 720 575 civem,
731 508 810 561 euius
823 509 932 576 legatus
948 511 976 559 et
988 524 1005 559 a

160 606 217 657 quo
229 590 329 643 missus
343 596 421 656 esset,
432 589 462 641 in
476 589 615 642 invidiam
627 588 698 641 falso
714 588 829 640 crimine
845 586 1003 641 adduxerit.

161 674 203 726 80.
223 672 268 725 Ne
288 677 383 725 noster
401 671 517 740 quidem
538 670 722 723 Gratidianus
747 668 839 721 officio
861 667 915 723 viri
937 668 1003 720 boni

159 751 274 805 functus
286 759 329 805 est
341 759 485 818 tumeam
497 756 609 821 praetor
624 756 695 803 11111
708 750 914 819 collegiumque
927 765 1004 818 prae-

159 836 254 885 torum
276 833 382 886 tribuni
404 833 481 902 plebi
505 832 706 899 adhibuissent,
729 836 761 883 ut
784 848 826 883 res
850 830 1004 883 nummaria

160 913 197 965 de
209 915 351 966 communi
363 905 500 967 sententia
512 914 739 966 constitueretur:
759 912 916 965 iactabatur
930 910 1004 963 enirn

158 995 334 1064 temporibus
346 996 403 1047 illis
410 1011 540 1047 nummus
553 994 601 1062 sie,
610 999 642 1046 ut
654 1010 736 1046 nemo
746 997 838 1062 posset
851 993 921 1046 scire
934 992 1004 1060 quid

160 1077 283 1129 baberet.
327 1076 558 1145 Conscripserunt
583 1074 768 1127 communiter
792 1074 916 1127 edictum
941 1088 1004 1125 eum

159 1173 251 1225 poena
265 1162 349 1225 atque
364 1156 471 1209 iudicio
486 1156 757 1223 constitueruntque,
766 1160 797 1206 ut
813 1170 908 1206 omnes
921 1152 1003 1205 simul

160 1236 191 1287 in
205 1227 306 1289 Rostra
320 1244 384 1306 post
403 1237 548 1289 meridiem
568 1237 754 1290 escenderent.
791 1236 829 1287 Et
844 1235 928 1287 ceteri
944 1233 1005 1301 qui·

160 1316 226 1369 dem
238 1317 310 1369 alius
322 1318 386 1383 alio,
397 1317 502 1369 Marius
514 1318 550 1370 ab
564 1318 703 1369 subselliis
717 1316 747 1367 in
760 1318 860 1369 Rostra
875 1320 949 1367 recta
962 1314 1004 1366 id-

160 1412 223 1465 que,
233 1398 311 1465 quod
325 1398 511 1450 =communiter
527 1397 714 1467 compositum
729 1395 825 1461 fuerat,
837 1397 911 1447 solus
927 1395 1004 1447 edix-

160 1478 192 1530 it.
228 1480 266 1531 Et
280 1495 313 1530 ca
329 1494 380 1545 res,
390 1479 415 1529 si
429 1478 547 1546 quaeris,
560 1478 586 1530 ei
604 1494 708 1547 magno
726 1476 826 1529 honori
840 1475 902 1528 fuit.
941 1476 1003 1525 0111-

159 1557 244 1611 nibus
263 1558 333 1611 vicis
353 1563 470 1622 statuae,
487 1560 525 1611 ad
544 1574 591 1612 eas
610 1564 664 1625 tus,
681 1557 760 1611 cerei.
799 1557 876 1623 Quid
896 1556 1002 1609 multat

160 1655 242 1691 nemo
254 1655 388 1706 nmquam
400 1638 576 1691 multitudini
587 1638 641 1691 luit
656 1638 752 1691 carior.
791 1640 833 1690 81.
849 1637 926 1690 Haec
940 1641 1004 1689 sunt

159 1736 232 1787 quae
247 1721 416 1773 conturbant
428 1722 459 1771 in
474 1719 676 1776 deliberatione
692 1736 749 1771 non
764 1734 926 1786 numquam,
938 1734 1004 1791 'eum

160 1800 200 1867 id,
208 1801 237 1853 in
250 1817 307 1872 quo
318 1801 441 1853 violatur
453 1800 587 1868 aequitas,
597 1817 654 1853 non
667 1802 707 1852 ita
719 1816 861 1869 magnum,
871 1799 944 1851 illud
957 1816 1004 1851 au-

159 1886 225 1948 tern,
235 1883 313 1949 quod
326 1898 361 1933 ex
374 1898 407 1933 eo
419 1882 535 1950 paritur,
543 1896 728 1949 permagnum
741 1881 860 1947 videtur,
870 1884 901 1931 ut
914 1880 1003 1932 Mario

159 1962 318 2030 praeripere
339 1962 457 2029 collegis
477 1966 505 2012 et
523 1960 646 2012 tribunis
664 1960 742 2029 plebi
759 1962 924 2028 popularem
942 1977 1004 2028 gra·

159 2041 231 2093 tiam
247 2058 305 2092 non
323 2041 364 2093 ita
377 2045 467 2109 turpe,
480 2042 621 2093 consulein
641 2042 678 2093 ob
693 2056 754 2093 eam
773 2057 830 2093 rem
845 2040 913 2107 fieri,
927 2042 1004 2108 quod

159 2121 215 2175 sibi
230 2126 290 2173 turn
303 2127 495 2190 proposuerat,
505 2121 589 2174 valde
602 2120 672 2173 utile
684 2120 840 2174 videbatur.
879 2122 935 2173 Sed
948 2138 1004 2173 om-

160 2202 239 2256 nium
251 2219 306 2255 una
318 2203 416 2270 regula
431 2207 480 2268 est,
490 2217 577 2269 quam
587 2200 641 2252 tibi
654 2200 738 2269 cupio
751 2217 810 2253 esse
821 2200 1003 2267 notissimam,

160 2290 210 2336 aut
221 2283 302 2349 illud,
313 2284 391 2350 quod
407 2282 475 2335 utile
487 2275 608 2349 videtur,
618 2286 701 2350 turpe
716 2298 751 2335 ne
766 2282 803 2333 sit
816 2287 872 2348 aut,
886 2282 911 2335 si
923 2288 1004 2351 turpe

159 2369 210 2430 est,
221 2380 255 2415 ne
267 2363 399 2416 rideatur
413 2378 471 2415 esse
487 2362 565 2415 utile.
603 2362 680 2427 Quid
695 2362 802 2431 igiturl
821 2379 1004 2432 possumusne

68 2483 71 2488 -
159 2450 210 2497 aut
227 2444 308 2497 illum
326 2443 446 2497 Marium
463 2443 555 2496 virum
574 2443 681 2495 bonum
700 2442 825 2495 iudicare
844 2449 893 2497 aut
909 2444 1003 2498 hanel

159 2524 279 2594 Explica
298 2529 387 2592 atque
401 2529 501 2577 excute
520 2522 743 2593 intellegentiam
761 2528 846 2589 tuam,
861 2528 892 2576 ut
907 2524 1005 2577 videas

160 2622 233 2673 quae
246 2606 284 2659 sit
297 2606 329 2658 in
343 2623 376 2658 ea
388 2605 520 2675 [speeies]
534 2605 623 2658 forma
638 2609 666 2657 et
678 2604 757 2657 notio
773 2605 825 2658 viri
841 2605 916 2657 boni.
954 2606 1004 2659 Oa·

159 2687 205 2739 dit
216 2704 284 2755 ergo
296 2687 326 2739 in
339 2687 432 2739 virum
444 2687 550 2739 bonum
562 2685 675 2737 mentiri
691 2686 871 2738 emolumenti
883 2685 926 2737 sui
942 2702 1004 2738 eau-

160 2782 198 2833 sa,
214 2768 361 2834 criminari,
378 2766 542 2835 praeripere,
555 2765 672 2819 falleret
709 2765 790 2819 Nihil
808 2764 934 2834 profecto
954 2767 1004 2817 mi-

160 2862 221 2899 nus.
258 2848 300 2901 82.
317 2848 368 2899 Est
378 2864 446 2916 ergo
458 2848 516 2899 ulla
529 2863 573 2898 res
583 2846 655 2899 tanti
665 2852 713 2898 aut
723 2846 902 2899 commodum
915 2847 1004 2899 ullunr

159 2930 218 2979 tam
232 2928 429 2995 expetendum,
437 2932 470 2979 ut
481 2925 535 2981 viri
547 2926 617 2978 boni
629 2930 657 2977 11
670 2926 847 2995 splendorem
862 2932 890 2978 et
901 2943 1003 2978 nornen

159 3007 293 3061 amittasl
329 3008 407 3073 Quid
420 3007 547 3075 estquod
560 3006 668 3060 adferre
679 3012 788 3060 tantum
798 3006 887 3075 possit
897 3006 1003 3059 utilitas

160 3088 214 3141 ista
227 3104 298 3156 quae
313 3088 425 3154 dieitur,
435 3094 571 3156 quantum
587 3086 701 3154 auferre,
715 3087 739 3141 si
753 3088 822 3140 boni
834 3088 887 3139 viri
902 3104 1004 3140 nomen

161 3168 303 3240 eripuerit.
314 3168 399 3223 fidem
416 3168 609 3239 iustitiamque
625 3167 797 3224 detraxeritl
834 3168 911 3237 Quid
930 3167 1001 3223 enim
