2242 3542
158 152 188 199 38
382 150 420 200 Μ.
439 148 566 199 TULLII
587 149 777 199 CICERONIS

156 244 211 283 non
222 232 329 297 potest:
346 229 453 298 deinde,
463 247 548 299 quum
560 231 656 284 similis
667 247 763 284 sensus
775 228 884 284 exstitit
895 228 1006 298 amoris,

156 305 179 358 si
196 304 315 375 aliquem
329 307 406 359 nacti
425 322 518 359 snmus
537 306 616 375 cujus
634 323 695 359 cum
716 306 838 360 moribus
858 310 886 359 et
906 311 1008 360 natura

156 397 342 449 congruamus,
353 382 427 450 qnod
438 383 466 435 in
479 399 511 435 eo
532 382 610 450 quasi
626 382 718 435 lumen
733 382 844 450 aliquod
859 382 1007 449 probitatis
1111 388 1113 403 '

156 459 185 509 et
206 458 317 510 virtutis
336 458 490 525 perspicere
512 457 661 511 videamur.
704 463 745 512 28.
774 458 850 511 Nihil
871 462 914 511 est
932 459 1007 511 euim
1111 470 1113 514 ἔ

156 530 299 585 amabilius
311 532 429 597 virtute;
445 532 513 585 nihil
529 534 604 601 quod
623 534 711 601 magis
725 533 827 587 alliciat
839 534 875 587 ad
894 534 1008 603 diligen-

157 607 235 661 dum:
264 609 365 677 quippe
387 627 472 679 quum
493 617 609 681 propter
630 614 762 667 virtutem
783 617 813 667 et
841 614 1008 681 probitatem

156 684 242 735 ctiam
255 700 301 737 eos
314 702 382 752 quos
401 702 541 754 nunquam
554 689 670 741 vidimus
682 690 801 757 quodam
819 690 901 742 modo
914 690 1008 756 dilig-a·

156 775 223 811 nius.
248 760 315 821 Quis
327 765 371 813 est
383 762 429 828 qui
443 762 472 815 O.
483 762 609 829 Fabricii,
619 765 664 817 Μ’.
673 765 748 817 Curii
757 782 811 816 non
820 782 881 817 cum
892 765 1009 817 caritate

158 834 250 903 aliqua
271 840 300 889 et
319 834 508 889 benevolentia
526 838 685 890 memoriam
708 842 829 906 usurpet,
850 854 918 905 quos
939 853 1008 889 nun-

71 922 73 925 ·
159 928 240 979 quarn
254 911 372 965 viderit?
409 912 475 977 Quis
488 917 580 965 autom
597 918 640 965 est
653 913 699 981 qui
717 913 891 981 Tarquinium
909 913 1008 979 Super-

159 986 230 1054 bum,
244 990 290 1057 qui
304 989 347 1057 Sp.
366 989 496 1055 Cassium,
516 989 559 1056 Sp.
578 988 707 1040 Maelium
724 1006 777 1041 non
792 989 902 1042 oderitl
937 988 1006 1040 Cum

158 1064 264 1117 duobus
286 1064 401 1117 ducibus
422 1064 456 1117 dc
474 1063 589 1131 imperio
609 1064 637 1116 in
659 1064 741 1116 ltalia
764 1064 933 1117 decertatum
955 1066 1006 1128 est,
1111 1087 1113 1110 ς

159 1138 262 1205 Pyr-rho
275 1145 303 1194 et
317 1140 462 1193 Annibale.
495 1138 540 1191 Ab
550 1138 636 1192 altero
648 1143 761 1210 propter
773 1140 937 1209 probitatem
947 1138 1007 1206 ejus

158 1232 211 1267 non
232 1216 312 1267 ninris
331 1216 431 1267 alienos
455 1216 559 1268 animos
583 1216 731 1280 habemus;
753 1216 1008 1283 alterum-propter
1111 1211 1113 1232 “

159 1290 469 1359 crudelitatcmsemper
481 1292 547 1345 haec
559 1292 655 1345 civitas
667 1292 764 1346 oderit.

212 1367 260 1419 IX.
274 1374 314 1419 29.
340 1368 416 1431 Quod
429 1368 452 1420 si
466 1370 543 1421 tanta
555 1368 596 1420 vis
608 1359 753 1437 probitatis
765 1373 807 1421 est
819 1366 1006 1422 uteamvelin
1032 1398 1039 1406 ·
1111 1415 1113 1440 ἰ

159 1442 198 1497 eis
211 1460 278 1510 quos
291 1452 428 1513 nunquam
440 1443 566 1509 vidimus,
575 1444 626 1511 vel,
639 1444 713 1511 quod
724 1445 812 1511 majus
825 1447 874 1510 eet,
887 1444 914 1496 in
928 1443 1007 1497 hoste
1047 1492 1052 1497 Α
1111 1465 1113 1490 ι

159 1518 241 1571 etiam
258 1519 411 1587 diligamus,
425 1520 492 1586 quid
508 1520 607 1572 mirum
625 1521 648 1572 si
664 1520 747 1573 animi
763 1520 900 1572 homimmr
918 1535 1007 1572 move
1078 1532 1082 1538 '

158 1598 245 1660 antur,
260 1612 343 1664 quum
356 1611 448 1649 eorum
457 1596 616 1662 quibuscum
624 1611 676 1647 usu
683 1594 819 1663 conjuncti
827 1598 1007 1663 ossepossrmt

158 1670 288 1724 virtutem
309 1675 337 1725 ct
356 1672 508 1725 bonitatem
531 1672 687 1739 perspicere
710 1673 873 1725 videanturi
910 1672 1007 1734 Quam-

159 1764 240 1814 quam
262 1748 436 1801 confirmatur
452 1764 527 1801 amor
546 1752 575 1801 ct
591 1748 723 1801 beneficio
740 1748 851 1815 accepto
869 1751 898 1799 et
916 1746 1007 1799 studio

158 1830 302 1891 perspecto
320 1828 349 1877 et
367 1824 562 1877 consuetudine
580 1824 724 1889 adjuncta;
744 1824 842 1891 quibus
866 1824 947 1875 rebus
971 1822 1007 1874 ad

129 1911 136 1978 t
158 1899 234 1951 illurn
254 1899 372 1966 primum
392 1906 496 1954 motum
518 1901 600 1954 aninri
620 1904 649 1953 et
665 1901 764 1953 amoris
778 1899 909 1952 adhibitis
923 1898 1007 1950 admi-

159 1974 252 2028 rabilis
272 1977 405 2043 quaedam
423 1977 577 2030 exardescit
601 1977 806 2029 benevolentiae
831 1974 1007 2042 magnitudo:

160 2068 241 2118 quam
254 2052 276 2104 si
289 2053 336 2120 qui
349 2056 449 2119 putant
461 2052 495 2105 ab
507 2052 695 2106 imbecillitate
707 2052 848 2119 proficisci,
863 2055 895 2104 ut
909 2050 944 2102 sit
958 2066 1008 2117 per

78 2151 80 2154 ·
160 2145 240 2195 quem
251 2133 413 2197 assequatur
426 2128 499 2197 qnod
512 2129 628 2196 quisque
641 2128 787 2194 desideret,
798 2127 926 2179 humilem
943 2143 1007 2181 saue

159 2205 317 2271 relinquunt
337 2209 366 2257 et
383 2206 493 2257 minime
510 2222 679 2271 generosum,
699 2208 732 2257 ut
747 2204 787 2256 ita
803 2204 899 2270 dicam,
917 2207 1006 2256 ortum

160 2280 294 2332 amicitiae
307 2298 388 2348 quam
399 2297 432 2334 ex
444 2281 535 2347 inopia
548 2285 632 2347 atque
644 2280 796 2347 indigentia
805 2284 896 2333 natam
906 2280 1007 2332 volunt.

161 2354 240 2417 Quod
252 2356 275 2406 si
287 2356 326 2407 ita
339 2360 419 2422 esset,
431 2360 463 2409 ut
477 2356 593 2423 quisque
606 2357 743 2408 minimum
765 2356 791 2408 in
812 2372 841 2407 se
861 2372 920 2407 esee
937 2354 1007 2406 arbi-

159 2434 287 2496 traretur,
300 2431 340 2483 ita
352 2432 387 2483 ad
399 2432 546 2484 amicitiam
559 2438 632 2484 esset
644 2433 800 2499 aptissimus
813 2452 818 2483 :
838 2430 912 2497 quod
928 2430 1007 2495 longe

160 2522 237 2559 secus
257 2510 307 2559 est.
342 2512 383 2559 30.
402 2506 441 2559 Ut
454 2507 525 2559 enirn
539 2508 654 2573 quisque
667 2506 718 2559 sibi
730 2508 876 2574 plurimum
896 2504 1007 2557 contidit

139 2640 144 2648 ,
161 2584 189 2634 et
201 2586 232 2635 ut
249 2582 364 2649 quisque
380 2582 497 2633 maxime
516 2582 618 2634 virtute
638 2586 667 2634 et
685 2583 818 2649 sapientia
833 2585 871 2635 sic
888 2582 1008 2632 munitus

161 2661 203 2709 cst
212 2661 243 2710 ut
252 2658 324 2710 nullo
337 2660 416 2722 egeat
424 2674 526 2723 suaque
538 2657 629 2709 omnia
640 2658 666 2709 in
681 2675 710 2710 sc
723 2658 781 2725 ipso
796 2658 885 2724 posita
893 2656 1007 2723 judicet,

160 2734 200 2785 ita
216 2734 241 2784 in
255 2733 379 2785 amicitiis
398 2734 558 2800 expetendis
576 2733 750 2801 colendisque
762 2732 879 2785 maxime
892 2730 1007 2784 excellit.
1111 2793 1113 2802 Ι

162 2809 233 2873 Quid
243 2808 314 2860 enim
326 2808 468 2861 Africanus
480 2808 606 2875 indigens
618 2812 671 2863 mei
681 2816 690 2863 'i
727 2803 839 2861 Minime
852 2807 956 2857 hercle:
976 2823 1007 2859 ac

161 2898 196 2938 ne·
208 2902 258 2953 ego
271 2885 382 2952 quidem
395 2885 484 2948 illins;
502 2885 550 2937 sed
563 2903 613 2952 ego
630 2886 809 2937 admiratione
822 2881 938 2949 quadam
956 2882 1006 2932 vir·
1111 2915 1113 2934 .

162 2962 229 3014 tutis
243 2961 309 3029 ejus,
323 2962 368 3014 ille
380 2962 498 3013 vicissim
511 2961 637 3028 opinione
653 2962 768 3014 fortasse
783 2956 912 3011 nonnulla
927 2973 1006 3022 quam
1111 2971 1113 2996 =

162 3038 197 3089 dc
217 3037 283 3088 meis
302 3037 422 3089 uteribus
445 3035 563 3088 habebat
585 3052 629 3087 me
651 3036 765 3098 dilexit3
791 3033 868 3085 auxit
895 3031 1005 3083 benevo

161 3112 273 3167 lentiam
284 3112 457 3167 consuetudo,
493 3110 548 3163 Sed
556 3127 720 3178 quamquam
728 3110 862 3162 utilitates
871 3106 971 3158 multae
980 3110 1008 3159 ct
1111 3117 1113 3122 '

162 3206 275 3257 maguae
297 3192 457 3242 consecutae
475 3188 547 3253 sunt,
558 3202 611 3239 non
628 3189 692 3238 sunt
708 3190 798 3237 tonica
810 3184 845 3235 ab
857 3197 948 3233 earum
963 3199 1009 3246 spo
