2242 3542
858 4 864 6 .
879 2 1066 9 ..—-‚—--
1081 4 1087 6 .

241 164 311 213 LIB.
326 164 388 224 ΙΙΙ.,
403 164 481 214 CAP.
496 165 611 213 XXXII.
625 164 768 225 xxxin,
783 164 796 223 ἓ
812 166 931 212 lit-120.
971 167 1017 212 189

176 249 225 301 sed
241 247 311 315 quid
326 251 544 308 consentaneum
559 247 596 300 sit
611 247 637 299 ei
653 248 753 316 dicere,
768 248 817 316 qui
831 249 906 301 bona
920 250 1018 319 volup-

176 334 234 381 tate
255 328 452 396 terminaverit,
472 330 545 381 mala
567 328 678 381 dolore:
698 334 739 395 ut,
759 329 783 381 si
800 329 881 382 illum
903 330 1018 383 audiam

176 411 212 464 de
226 409 400 463 continentia
412 414 440 462 et
452 409 643 479 temperantia,
658 410 729 462 dicit
741 410 788 463 ille
802 410 916 479 quidem
928 412 1018 464 multa

176 492 272 544 multis
287 491 364 558 locis,
379 491 428 543 sed
443 507 516 558 aqua
528 492 632 559 haeret,
646 498 679 543 ut
693 492 781 544 aiunt.
820 494 893 545 Nam
906 509 955 561 qur
970 510 1018 561 po-

176 577 232 625 test
246 570 459 642 temperantiam
474 571 588 623 laudare
604 571 636 639 is,
650 571 699 639 qui
715 577 803 641 ponat
818 588 955 624 summum
972 574 1018 625 bo·

176 669 243 705 num
262 654 291 705 in
307 654 473 721 voluptate?
508 652 652 713 Est-enim
667 652 852 721 temperantia
867 653 1018 705 libidinum

176 734 297 801 inimica,
306 734 438 787 libidines
451 739 545 786 autem
555 734 768 786 consectatrices
776 734 938 803 voluptatis.
959 736 1017 788 118.

176 815 270 882 Atque
290 815 320 866 in
339 816 385 868 his
406 821 499 868 tamen
511 814 611 883 ,tribus
630 814 779 883 generibus
798 831 911 883 quoquo
932 817 1018 867 modo

176 900 293 963 possunt
306 911 363 947 non
376 896 507 949 incallide
518 895 744 965 tergiversantur.
782 896 966 948 Prudentiam
978 897 1018 949 in-

177 976 330 1027 troducunt
345 977 490 1029 scientiam
506 967 733 1045 suppeditantem
746 978 912 1047 voluptates,
926 979 1017 1047 depel-

177 1057 281 1108 lentem
302 1058 419 1111 dolores.
457 1055 664 1110 Fortitudinem
684 1072 795 1128 quoquc
818 1058 912 1127 aliquo
933 1062 1018 1113 modo

177 1139 339 1208 expediunt,
350 1155 414 1191 cum
429 1140 544 1191 tradunt
556 1138 693 1191 rationem
705 1137 897 1209 neglegendae
912 1143 1018 1209 mortis,

176 1220 354 1289 perpetiendi
379 1220 491 1275 doloris.
528 1220 622 1273 Etiam
644 1222 856 1289 temperantiam
880 1220 1018 1275 inducunt

177 1316 233 1353 non
255 1299 388 1352 facillime
409 1301 453 1353 illi
472 1302 595 1370 quidem,
608 1304 658 1354 sed
681 1310 776 1355 tamen
798 1319 911 1371 quoquo
933 1304 1019 1356 modo

177 1387 301 1450 possunt.
338 1382 445 1436 Dicunt
464 1384 538 1436 enim
556 1381 708 1453 voluptatis
726 1386 952 1455 magnitudinem
971 1388 1019 1439 do-

177 1462 244 1513 loris
262 1464 436 1516 detractione
450 1463 531 1517 finiri.
569 1462 682 1517 Iustitia
698 1467 812 1519 vacillat
824 1469 869 1519 vel
884 1468 956 1521 iacet
971 1485 1019 1538 po-

177 1542 233 1593 tius
249 1558 399 1611 omnesque
418 1560 465 1595 cae
480 1544 605 1612 virtutes,
619 1562 689 1614 qliae
705 1547 734 1597 in
751 1548 950 1601 communitate
965 1566 1019 1601 cer-

178 1629 283 1675 nuntur
299 1629 327 1675 et
342 1624 371 1674 in
391 1624 523 1677 socictate
542 1626 652 1694 generis
667 1628 791 1682 humaui.
829 1630 927 1698 Neque
946 1630 1020 1684 enim

178 1703 289 1755 bonitas
312 1719 362 1756 nec
383 1704 536 1757 liberaritas
555 1722 606 1758 nec
626 1707 742 1761 comitas
764 1726 823 1761 esse
843 1714 943 1779 potest,
963 1727 1020 1762 non

177 1784 241 1851 plus
254 1800 338 1851 quam
353 1784 484 1853 amicitia,
494 1786 519 1838 si
530 1787 599 1839 haec
612 1804 668 1840 non
682 1805 732 1856 per
745 1806 773 1842 sc
786 1796 959 1859 expetantur,
971 1792 1020 1843 sed

178 1866 215 1916 ad
236 1866 412 1933 voluptatem
433 1866 619 1921 utilitatemve
644 1870 802 1924 referantur.
842 1872 1020 1925 Conferamus

179 1943 267 2013 igitur
280 1944 310 1996 in
323 1961 421 2014 pauca.
460 1948 519 1998 119.
538 1949 620 2015 Nam,
630 1955 662 2001 ut
676 1950 827 2003 utilitatem
842 1954 947 2005 nullam
962 1970 1021 2005 essc

179 2025 327 2077 docuimus
346 2042 418 2093 quae
436 2025 578 2080 honestati
597 2034 668 2083 esset
688 2032 835 2100 contraria,
851 2032 890 2085 sic
912 2050 1021 2088 onmem

179 2107 353 2175 voluptatem
373 2106 493 2159 dicimus
510 2109 651 2163 honestati
671 2129 729 2165 esse
748 2113 920 2167 contrariam.
959 2114 1021 2179 Quo

179 2186 270 2255 magis
289 2187 533 2255 reprehendendos
553 2190 749 2259 Calliphonem
770 2199 798 2245 et
816 2194 1021 2247 Dinomachum

179 2268 282 2333 iudicO,
297 2268 346 2335 qui
364 2285 392 2321 se
410 2268 597 2338 dirempturos
612 2274 828 2326 controversiam
843 2280 1020 2344 putaverunt,
1058 2267 1060 2271 ¹

179 2348 202 2400 si
222 2365 285 2400 cum
303 2349 448 2401 honestate
467 2353 642 2419 voluptatem
661 2361 804 2423 tamquam
826 2372 889 2408 cum
909 2357 1021 2409 homine

99 2485 104 2493 ,
180 2431 316 2497 pecudem
337 2431 551 2499 copulavissent.
590 2434 655 2487 Non
675 2436 774 2505 recipit
791 2436 872 2489 istam
892 2438 1019 2490 coniunc-

180 2510 286 2562 tionem
305 2512 443 2577 honcstas,
460 2519 631 2583 aspernatur,
648 2518 764 2585 repellit.
802 2518 861 2572 Nec
878 2536 944 2571 vero
958 2519 1022 2571 finis

181 2592 316 2643 bonorum
329 2598 357 2644 ct
369 2593 512 2662 malorum,
523 2595 573 2664 qui
586 2596 705 2666 simplex
721 2615 778 2651 esse
792 2600 883 2668 debet,
895 2616 929 2653 ex
943 2601 1022 2653 dissi·

181 2671 305 2723 millimis
326 2673 408 2725 rebus
427 2673 537 2728 misceri
558 2680 587 2729 ct
604 2680 752 2746 temperari
771 2683 871 2747 potest.
910 2681 966 2733 Sed
986 2681 1021 2734 de

182 2750 373 2820 hoc—magna
391 2754 466 2806 enim
481 2772 525 2808 res
543 2758 675 2811 est—alio
691 2760 753 2811 loco
768 2760 902 2828 pluribus.
939 2762 1022 2815 Nunc

182 2832 219 2882 ad
230 2833 411 2899 propositum.
450 2838 509 2890 120.
523 2837 612 2902 Quem
626 2838 788 2891 admodum
800 2840 894 2909 igitur,
904 2842 927 2893 si
937 2859 1021 2910 quan-

183 2910 220 2961 do
233 2928 272 2978 ea,
281 2929 352 2979 quae
363 2914 475 2969 videtur
486 2916 602 2985 ntilltaS,
612 2918 752 2971 honestati
764 2927 909 2990 repugnat,
919 2923 1022 2975 diiudi-

182 2992 273 3043 canda
290 3008 333 3045 res
351 2993 387 3046 sit
402 2996 468 3048 satis
486 3002 528 3048 est
543 3013 626 3067 supra
643 3000 824 3069 disputatum.
862 3002 909 3053 Sin
929 3009 1021 3056 autem

183 3072 304 3142 speciem
315 3075 446 3127 utilitatls
459 3076 543 3129 etiam
555 3080 687 3148 voluptas
702 3082 803 3134 habere
816 3082 932 3151 dicetur,
946 3086 1022 3137 nulla

183 3159 275 3227 potest
288 3171 345 3207 esse
360 3155 386 3207 ei
398 3172 462 3208 curn
474 3158 620 3211 honestate
634 3160 801 3215 coniunctio.
839 3163 920 3232 Nam,
931 3168 962 3216 ut
975 3164 1021 3217 tri·
