2242 3542
257 165 327 215 mn.
346 165 378 225 1.‚
395 165 473 214 can
491 165 618 215 xxxix.
635 165 703 226 xn,
720 163 735 224 s
752 133 872 214 rae-145.
940 168 987 214 ros

144 247 237 301 locum
259 253 352 301 autem
374 248 492 301 actionis
514 248 755 318 opportunitatem
774 247 909 319 temporis
930 264 988 301 esse

144 328 252 381 dicunt.
289 330 410 397 Tempus
428 336 521 381 antem
540 328 660 381 actionis
678 334 868 399 opportunum
883 330 986 382 Graece

143 414 262 482 dempta,
272 409 369 460 Latine
382 410 539 478 appellatur
551 410 670 479 occ-asic.
709 410 755 463 Sic
767 410 799 463 fit
808 415 840 462 ut
849 408 988 462 modestia

144 489 221 556 haec,
235 505 319 555 quam
333 489 374 542 ita
388 489 614 559 interpretamur,
627 496 660 542 ut
675 490 744 558 dixi,
758 491 874 544 scicntia
887 490 924 543 sit
939 506 988 557 op-

143 569 325 638 portunitatis
338 569 503 623 idoneorum
518 570 555 622 ad
568 572 710 639 agendum
723 576 888 640 temporum.
927 570 985 623 143.

144 650 200 701 Sed
221 654 314 718 potest
335 650 432 702 eadem
453 666 511 702 esse
533 651 701 719 prudentiae
722 650 858 717 definitio,
874 651 910 702 dc
931 666 987 717 qua

142 729 283 799 principio
300 730 431 796 diximus,
445 731 498 783 hoc
513 737 608 784 autem
623 733 685 784 loco
700 732 736 784 de
752 730 944 783 moderatione
959 737 986 782 et

142 810 327 880 temperantia
345 815 374 863 et
388 827 482 864 earum
500 812 638 865 similibus
652 812 803 866 virtutibus
819 809 984 879 quaerimus.

142 892 249 959 Itaque,
264 908 336 958 quae
356 896 434 945 erant
448 892 614 961 prudentiae
630 892 752 961 propria,
765 908 816 944 suo
831 892 894 948 loco
910 890 986 943 dicta

142 978 222 1025 sunt:
242 988 313 1039 quac
326 975 419 1024 autem
432 973 530 1025 harum
543 972 689 1039 virtutum,
700 974 737 1025 de
750 972 853 1040 quibus
866 971 923 1023 iem
936 971 985 1023 diu

142 1052 292 1120 loquimur,
302 1068 374 1119 quae
386 1052 528 1121 pertinent
541 1054 578 1107 ad
592 1052 788 1107 verecundiam
801 1052 878 1105 etad
891 1067 986 1105 eorum

141 1134 381 1203 approbationem,
389 1132 555 1201 quibuscum
564 1133 773 1200 vivimus,nunc
783 1132 903 1185 dicenda
912 1136 985 1186 sunt.

143 1217 201 1269 144.
218 1216 293 1267 Talis
314 1220 355 1267 est
376 1214 464 1285 igitur
485 1216 555 1268 ordo
577 1216 721 1268 actionum
742 1215 928 1280 adhibendus,
945 1220 985 1283 ut,

141 1312 224 1364 quem
239 1296 404 1369 admodum
419 1296 449 1349 in
462 1297 587 1349 oratione
599 1296 747 1364 constanti,
757 1296 798 1348 sic
812 1296 842 1348 in
854 1296 914 1350 vita
928 1311 985 1347 om-

140 1377 189 1429 nia
201 1377 257 1429 sint
270 1382 336 1446 apta
347 1378 421 1430 inter
433 1393 461 1429 se
474 1382 503 1429 ct
513 1377 714 1431 convenientia.
751 1378 844 1445 Turpe
856 1382 899 1429 cst
911 1376 986 1429 enim

140 1459 280 1525 valdeque
295 1457 427 1511 vitiosum
443 1458 472 1508 in
487 1474 516 1510 re
533 1473 629 1510 severa
645 1456 768 1511 convivii
783 1457 861 1510 dicta
875 1461 924 1509 aut
939 1458 985 1510 de·

140 1539 258 1591 licatum
283 1537 405 1605 aliquem
429 1537 530 1590 inferre
553 1554 715 1592 sermonem.
755 1539 831 1590 Bene
855 1537 984 1605 Pericles,

141 1636 205 1673 cum
221 1619 335 1671 haberet
349 1619 484 1687 collegam
500 1618 530 1670 in
544 1624 674 1688 praetura
689 1619 858 1688 Sophoclem
871 1624 985 1688 poetam

141 1700 217 1768 iique
234 1700 269 1753 de
285 1700 426 1753 communi
441 1698 532 1753 officio
549 1699 746 1754 convenissent
760 1707 788 1752 et
803 1716 869 1753 casu
884 1699 985 1753 formo·

141 1797 188 1834 sus
207 1797 275 1850 puer
292 1780 455 1850 praeteriret
473 1780 647 1848 dixissetque
667 1782 833 1850 Sophocles:
853 1782 903 1833 “0
918 1797 985 1850 pue-

141 1879 203 1915 rum
213 1863 369 1931 pulchrum,
377 1861 517 1915 Periclcl'’
547 1865 562 1890 “
570 1862 610 1913 At
621 1862 695 1915 enim
704 1868 869 1929 praetorem,
879 1862 985 1929 Sopho-

141 1944 192 2010 cle,
209 1942 290 1995 decet
308 1958 364 1993 non
383 1943 473 1993 solum
491 1958 599 2009 manns,
615 1943 665 1994 sed
684 1941 768 1993 ctiam
787 1943 883 1994 oculos
902 1940 985 1993 absti-

141 2028 239 2075 nentes
263 2022 389 2074 habere.'’
431 2022 526 2088 Atque
551 2022 606 2073 hoc
630 2021 706 2074 idem
731 2022 884 2090 Sophocles
907 2021 931 2073 si
954 2022 986 2073 in

142 2103 311 2155 athletarum
335 2101 501 2169 probatione
526 2101 651 2169 dixisset,
674 2102 747 2154 iusta
774 2102 985 2171 reprehensione

142 2182 282 2235 caruisset.
320 2182 412 2233 Tanta
429 2181 473 2234 vis
493 2186 536 2233 est
555 2187 584 2233 ct
602 2181 657 2235 loci
678 2187 706 2235 et
725 2182 866 2251 temporis.
904 2184 944 2236 Ut
961 2182 988 2257 si,

143 2262 201 2332 qui,
212 2279 274 2315 cum
289 2278 400 2315 causam
416 2262 453 2314 sit
468 2267 588 2331 acturus,
598 2262 628 2315 in
640 2263 740 2317 itinere
755 2264 845 2316 autin
861 2265 984 2318 ambula·
1070 2287 1072 2291 ·

142 2345 219 2397 tione
232 2359 326 2396 secum
338 2343 397 2412 ipsc
411 2343 563 2395 meditetur
578 2348 626 2397 aut
639 2345 663 2397 si
676 2345 747 2413 quid
760 2344 838 2398 aliud
851 2346 985 2400 attentius

142 2424 256 2493 cogitet,
267 2441 323 2477 non
336 2424 561 2493 reprehendatur,
570 2430 600 2478 at
612 2427 666 2479 hoc
681 2426 757 2480 idem
772 2426 794 2479 si
810 2429 839 2478 in
853 2428 984 2482 convivio

141 2507 233 2574 faciat,
258 2505 426 2559 inhumanus
450 2505 581 2560 videatur
605 2507 716 2561 inscitia
739 2508 880 2578 temporis
924 2510 983 2564 145.

143 2590 197 2641 Sed
213 2605 253 2655 ea,
268 2605 339 2657 quae
355 2588 475 2641 multum
490 2588 526 2641 ab
541 2588 716 2642 humanitate
731 2588 901 2658 discrepant,
914 2595 946 2643 ut
961 2590 985 2642 si

142 2670 191 2739 qui
205 2670 235 2722 in
249 2671 309 2723 foro
324 2674 419 2723 cantet
433 2675 482 2723 aut
496 2669 519 2723 si
535 2686 592 2738 qua
606 2675 647 2725 est
662 2670 718 2723 alia
732 2687 835 2740 magna
849 2669 984 2739 perversi-

141 2755 193 2818 tas,
202 2750 284 2804 facile
296 2755 431 2819 apparent
444 2766 495 2802 nec
508 2767 612 2819 nmgno
624 2767 707 2819 opere
722 2750 943 2803 admonitionem
955 2756 984 2803 et

141 2835 289 2900 praecepta
301 2831 475 2885 desiderant:
496 2846 568 2898 qnae
580 2836 671 2883 autern
684 2847 771 2899 parva
784 2831 915 2884 videntur
927 2848 984 2883 esse

143 2911 246 2965 delicta
258 2928 348 2979 neque
360 2928 376 2964 a
390 2910 485 2964 multis
499 2912 627 2981 intellegi
639 2917 764 2980 possunt,
773 2913 810 2964 ab
822 2912 857 2964 iis
869 2917 911 2964 est
921 2912 983 2963 dili-

142 2991 254 3060 gentius
270 2992 475 3045 declinandum.
513 2994 551 3047 Ut
565 2992 596 3044 in
610 2992 715 3046 fidibus
729 2997 778 3045 aut
792 2992 878 3059 tibiis,
889 3008 983 3059 quam-

142 3071 185 3123 vis
197 3073 323 3141 paullum
333 3072 499 3141 discrepent,
508 3078 602 3125 tamen
614 3072 646 3125 id
656 3089 672 3125 a
682 3073 786 3125 sciente
799 3071 983 3125 animadverti

142 3152 221 3219 solet,
230 3150 270 3205 sic
278 3152 431 3207 vivendum
445 3158 487 3205 est
501 3152 530 3205 in
543 3154 603 3207 vita
618 3168 654 3206 ne
667 3152 740 3205 forte
752 3150 822 3219 quid
836 3151 983 3218 discrepet,
