2242 3542
38 2 713 94 ιιιιιιιιιιιιιιιιιιιιιιιιιιῑ

130 154 159 199 26
360 148 396 196 Μ.
414 146 543 199 TULLII
561 146 754 194 CICERONIS

128 232 280 286 animorum
292 229 473 295 disseruisset,
486 228 510 281 is
522 228 570 297 qui
586 232 660 282 esset
678 228 800 282 omnium
815 228 980 297 sepientissi·

129 326 189 362 mus
214 306 322 361 oraculo
349 305 483 372 Apollinis
497 303 649 372 judicatus.
693 303 766 368 Quid
789 304 895 358 multet
938 305 985 368 sie,

129 384 195 437 mihi
215 381 346 452 persuasi,
365 382 404 434 sic
422 381 517 447 sentio,
537 397 622 449 quum
640 383 719 433 tants
736 379 864 433 celeritas
882 380 982 437 anime.

130 477 189 513 rum
213 460 257 526 sit,
277 462 355 531 tauta
378 458 510 511 memorie
533 456 748 525 praeteritorum
772 456 985 526 futurorumque

129 535 282 603 prudentia,
301 536 344 587 tot
361 537 443 599 artes,
463 537 557 585 tautae
577 532 715 598 scientiae,
731 535 774 585 tot
793 532 911 594 inventa,
929 548 984 590 non

129 628 208 679 posse
220 627 280 663 earn
297 613 424 663 naturam
440 625 510 676 quse
528 625 573 661 res
591 626 639 661 ces
657 609 795 662 contiueat
811 625 871 661 esse
883 612 979 663 morta

130 688 196 741 lem:
214 702 353 755 quumque
372 702 479 753 semper
497 684 620 752 agitetur
635 684 743 737 animus
756 701 806 737 nec
818 684 984 752 principium

131 767 220 817 ructus
244 762 350 825 habeat,
370 762 434 829 quia
453 777 482 814 se
497 762 556 829 ipse
575 764 692 827 moueat,
712 778 747 814 ne
768 761 850 813 tinem
871 759 984 827 quidem

130 839 286 893 habiturum
300 854 360 891 esse
372 842 469 904 motus,
482 837 547 904 quia
559 852 698 904 uunquam
710 853 740 889 se
753 836 812 903 ipsc
824 837 862 890 sit
874 835 981 894 relictu.
1002 859 1011 873 ·

129 933 176 970 rus
183 936 190 982 ;
203 919 232 971 et
244 932 327 984 quum
341 912 457 982 simplex
467 912 549 965 enimi
562 917 661 966 natura
672 915 753 979 esset,
766 929 856 980 neque
868 912 983 980 haberet

128 995 157 1046 in
178 1009 209 1046 se
227 991 376 1060 quidquam
397 990 551 1043 admixtum
568 988 661 1056 disper
680 988 722 1040 sui
738 992 822 1055 atque
842 988 984 1047 dissimile.

129 1086 182 1121 ιιοιι
202 1084 282 1137 posse
301 1083 364 1119 eum
383 1065 484 1129 dividi3
509 1065 583 1132 quod
604 1064 628 1116 si
645 1080 699 1116 non
717 1064 812 1131 possit,
831 1080 884 1116 non
902 1057 984 1133 posse

130 1143 256 1197 interire:
275 1158 428 1209 magnoque
447 1157 508 1194 csse
523 1144 685 1207 argumento
703 1139 828 1192 homines
845 1140 915 1193 scire
927 1140 984 1207 ple-

130 1235 215 1285 raquo
226 1222 291 1271 ante
304 1233 385 1285 quem
397 1217 455 1269 neti
468 1217 530 1282 sint,
547 1215 623 1284 quod
636 1214 695 1282 jam
707 1215 795 1283 pueri,
809 1232 893 1283 quum
906 1219 983 1269 artes

131 1294 254 1347 difficiles
272 1294 387 1359 discant,
406 1292 445 1345 ita
466 1291 593 1346 celeriter
615 1308 661 1345 res
679 1290 892 1344 innumerabiles
915 1292 983 1345 erri-

131 1370 207 1440 piant
225 1373 256 1424 ut
274 1386 319 1423 eas
337 1386 390 1421 nou
409 1372 468 1421 tum
486 1369 604 1436 primum
622 1368 746 1435 accipere
758 1367 912 1434 rideantur,
932 1368 981 1421 sed

104 1446 307 1537 krerninisciet
296 1444 464 1499 trecorderi.
502 1444 579 1497 Haec
593 1442 793 1497 Platonisfere.

183 1523 278 1577 XXII.
326 1526 365 1579 79.
397 1520 482 1589 Apud
506 1520 716 1588 Xenophontem
746 1525 839 1573 autem
863 1518 984 1572 moriens

96 1618 102 1661 ι
132 1601 219 1669 Cyrus
231 1617 284 1668 maJ
288 1615 318 1651 οι
330 1598 396 1651 haec
410 1596 490 1649 dicit:
510 1598 524 1621 “
534 1596 627 1649 Nolite
644 1596 781 1663 arbitrari,
794 1595 889 1671 omihi
901 1595 984 1648 caris

132 1677 192 1729 sinu
185 1676 260 1742 filii,
273 1692 317 1728 ine
329 1690 412 1760 quum
426 1690 442 1725 a
454 1672 531 1725 vobis
547 1672 698 1725 discessero
714 1664 850 1759 nusquam
863 1675 912 1724 eut
924 1671 984 1723 nul-
1009 1720 1013 1727 .

132 1753 187 1805 lum
199 1752 264 1805 foro
286 1751 343 1803 Nec
356 1749 429 1802 enim
441 1748 507 1801 dum
520 1765 595 1801 eram
608 1748 746 1801 vobiscum
759 1748 880 1801 animum
892 1764 996 1801 meum

132 1826 273 1889 videbatis,
286 1825 335 1878 scd
348 1841 410 1877 cum
423 1824 522 1877 esseio
535 1824 586 1877 hoc
597 1841 710 1893 corpore
723 1841 757 1878 er
769 1824 805 1876 iis
816 1823 899 1877 rebus
916 1840 986 1891 qrias

112 1933 118 1965 ι
132 1903 259 1971 gerebam
275 1900 479 1968 intelligebatis
516 1900 641 1954 Eundem
658 1901 745 1968 igitur
762 1917 823 1954 esse
840 1898 985 1963 creditote,

132 1982 215 2033 etiarn
228 1980 250 2031 si
263 1978 366 2031 nullum
379 1977 516 2031 videbitis.
551 1983 592 2031 80.
617 1977 677 2030 Nec
689 1994 754 2030 vero
766 1977 900 2037 cleros-,mn
915 1975 984 2027 viro-

133 2074 192 2109 rum
204 2058 395 2124 postmortem
411 2053 527 2106 honores
540 2058 741 2121 permanerent,
760 2052 785 2105 si
801 2053 870 2105 nihil
888 2068 991 2105 eorum·

132 2134 251 2201 ipsorum
275 2131 358 2184 animi
383 2130 522 2183 efficerent
545 2146 600 2197 quo
629 2129 735 2181 diutius
758 2130 916 2181 memoriani
942 2128 984 2180 sui

133 2214 294 2261 teneremus.
332 2205 401 2259 Mihi
423 2204 534 2274 quidem
554 2221 692 2272 nunquam
713 2205 872 2272 persuaderi
893 2204 985 2273 potuit

132 2284 235 2337 animos
259 2283 325 2335 dum
347 2282 374 2333 in
398 2281 558 2348 corporibus
579 2286 671 2333 essent
695 2280 858 2332 mortalibus
883 2281 985 2347 vivere,

133 2376 217 2429 quum
229 2358 349 2413 exissent
362 2374 396 2409 ex
408 2358 441 2409 iis
453 2357 553 2409 emori:
572 2373 622 2408 nce
635 2360 770 2407 veretum
787 2357 908 2409 animum
923 2373 986 2409 esse

133 2434 306 2503 insipientem
323 2449 407 2501 quum
426 2449 460 2486 ex
478 2431 618 2500 insipienti
637 2448 750 2501 corpore
768 2435 915 2498 euasisset3
934 2431 985 2486 sed

114 2488 120 2580 ι
134 2527 217 2579 quum
229 2526 302 2563 omni
295 2508 483 2561 admixtione
492 2508 613 2575 corporis
629 2507 763 2562 liberatus
776 2526 861 2577 purus
875 2512 903 2561 et
916 2508 985 2561 into-

112 2587 182 2687 ligor
199 2602 258 2639 esse
276 2583 417 2652 coepisset,
437 2587 496 2637 tum
515 2600 576 2636 esse
593 2584 700 2651 sapient
701 2601 752 2637 em
793 2587 928 2653 Atquet
900 2602 916 2637 e
930 2585 984 2638 iam

116 2650 217 2762 'quum
245 2660 361 2713 hominis
392 2664 489 2713 natura
515 2666 605 2713 morte
633 2658 799 2722 dissolvitur,
830 2664 874 2712 cet
875 2677 983 2713 ererum

117 2754 225 2791 ιιιιιιιιιι
242 2738 414 2823 perspicuum
434 2740 476 2789 cst
495 2753 549 2803 quo
566 2752 692 2804 quaeque
717 2734 857 2798 discedam
831 2735 986 2789 tabeunt

115 2793 206 2868 ιιιιιίιιι
225 2813 288 2866 illuc
304 2814 395 2865 omnia
414 2812 486 2865 unde
503 2816 565 2864 orta
583 2816 661 2874 s1u1t;
677 2812 784 2863 enimus
802 2815 895 2863 alitem
912 2809 986 2863 solus

118 2906 185 2964 ,uec
197 2904 280 2956 quum
292 2888 372 2941 adest
384 2903 434 2939 uec
448 2903 530 2953 quum
543 2853 664 2939 discedit
682 2889 805 2954 apparet.
844 2886 908 2937 Jam
921 2903 984 2938 vero
1054 2905 1056 2911 ·

60 2924 218 3018 lvidct'
199 2969 235 3018 trs
246 2962 313 3015 nihil
325 2979 385 3016 esse
397 2963 549 3015 mortitam
567 2962 653 3014 sinrile
672 2978 753 3029 quem
772 2978 905 3013 somnum
944 2968 984 3015 81

138 3041 226 3109 Atqui
245 3037 439 3091 dormientium
460 3038 542 3090 enimi
562 3038 681 3090 maxime
700 3037 841 3089 declarant
860 3035 989 3089 divinita

121 3122 193 3183 ‘tem
216 3132 309 3180 suam;
333 3112 419 3165 multa
444 3114 514 3165 enim
540 3129 624 3181 quum
644 3113 752 3166 remissi
773 3117 802 3164 ct
821 3109 900 3161 liberi
923 3116 985 3164 sunt

124 3191 229 3247 ,ιιιιιιιιι
249 3189 424 3259 prospiciunt.
462 3189 504 3241 Ex
525 3204 580 3256 quo
600 3188 764 3255 intelligitur
785 3185 880 3253 quales
901 3185 986 3241 futuri
