2242 3542
233 45 302 94 „u
402 49 528 86 m.

20 45 228 180 “ww
316 42 395 114 w·
446 133 496 183 un
513 132 679 184 euricus.

131 216 309 284 frequentari.
348 215 483 270 Odiosum
502 221 545 270 est
564 217 646 285 enirn,
660 232 725 270 cum
743 232 760 269 a
778 214 977 288 praetereunti

131 298 184 349 bus
197 297 316 350 dicitur:

316 434 332 466 o
343 422 434 467 domus
444 422 555 481 antiqua,
566 422 616 467 heu
627 434 702 480 qnam
713 405 808 481 dispr'rri

217 488 354 534 Dominure
365 489 484 535 domino!

130 614 209 681 qnod
227 614 343 682 quidem
362 615 407 668 his
427 615 601 685 temporibus
618 616 650 668 in
671 615 767 669 multis
788 614 855 669 licet
873 616 975 672 dicere.

131 695 189 749 140.
208 697 372 749 Cavendum
386 700 480 749 sutem
492 701 541 763 cst,
550 696 714 765 praesertim
727 696 751 749 si
762 696 823 765 ipse
835 696 975 766 aedifices,

105 830 110 869 t
129 792 165 829 ne
174 781 253 843 extre
261 778 377 829 modum
387 781 500 845 sumptu
510 781 538 828 et
548 776 758 845 magnificentia
768 776 900 846 prodeas:
917 790 976 845 quo

103 855 159 921 sin
171 872 271 926 genere
286 858 406 909 multum
420 856 488 909 mali
503 856 588 909 etium
603 857 633 909 in
648 858 776 926 exemplo
792 861 840 910 cst.
879 858 977 910 Studi-

129 952 176 989 ose
197 937 272 990 enim
292 937 418 1007 plerique
439 938 602 1007 praesertim
623 938 653 989 in
675 938 748 991 hunc
770 942 879 1007 partem
898 937 976 993 factu

129 1017 289 1087 principum
305 1018 459 1085 imitentur,
473 1024 504 1070 ut
519 1019 549 1071 L.
561 1018 679 1085 Luculli,
694 1018 796 1071 summi
811 1018 873 1085 viri,
887 1018 976 1072 virtu-

129 1102 186 1151 tem
196 1099 275 1167 quisi
291 1105 320 1152 et
333 1116 416 1166 quam
429 1099 512 1151 multi
520 1099 651 1153 villarum
664 1099 901 1168 magnificentium
912 1098 975 1153 imi-

128 1178 182 1231 tati
194 1182 272 1233 sunt!
288 1195 406 1247 quarum
416 1179 531 1247 quidem
541 1186 615 1240 certe
628 1186 670 1233 est
680 1180 860 1233 adhibendus
872 1180 974 1239 modus

127 1260 165 1312 ad
178 1260 456 1328 mediocrItetemque
471 1262 651 1314 revocandus.
688 1252 852 1329 Eademque
867 1262 974 1315 medic

128 1340 211 1393 critas
229 1341 265 1393 cd
283 1356 395 1393 ornnem
412 1357 493 1394 usum
511 1341 675 1409 cultumque
690 1342 765 1394 vitoe
782 1341 973 1395 transferenda

128 1425 176 1473 cst.
214 1421 270 1475 Sed
283 1422 351 1474 hucc
363 1422 504 1475 hactenus.
543 1423 602 1475 141.
619 1423 652 1474 In
666 1423 743 1475 omni
755 1427 849 1475 nutem
861 1423 972 1476 actione

127 1501 305 1570 suscipienda
323 1501 377 1554 trio
394 1507 461 1555 sunt
474 1502 611 1555 tenenda:
636 1502 759 1572 primum
779 1507 810 1555 ut
828 1502 973 1571 appetitus

101 1581 230 1634 =rationi
250 1587 430 1651 pereatque
452 1582 524 1635 nihil
546 1586 588 1635 est
609 1584 646 1635 ad
668 1582 760 1635 officia
781 1585 972 1636 conservanda

127 1654 373 1726 uccoffirda‘ti‘us
384 1662 488 1715 deinde
503 1666 534 1715 ut
549 1662 789 1715 animadvertatur
801 1668 907 1730 quante
921 1664 972 1721 illu

126 1758 169 1795 res
181 1743 224 1810 sit,
234 1760 317 1811 quarn
327 1742 433 1795 efficere
443 1742 569 1810 velimus,
579 1749 610 1795 ut
620 1760 689 1796 neve
702 1744 794 1796 meicr'
801 1760 869 1796 neve
880 1744 972 1797 minor

127 1839 192 1877 curs
210 1830 238 1877 ct
254 1840 337 1893 opera
355 1823 523 1893 suscipiatur
537 1840 622 1892 quum
641 1840 724 1877 eausa
737 1826 869 1893 postulet.
906 1826 971 1877 Ter·

126 1904 197 1956 tium
216 1909 257 1957 est
275 1908 307 1957 ut
325 1920 471 1957 caveamus
490 1909 522 1956 ut
541 1920 582 1970 ee,
598 1920 669 1972 quae
687 1904 829 1973 pertinent
848 1906 885 1957 ad
903 1904 971 1957 libe-

126 1986 211 2038 ralem
226 1985 347 2055 speeiem
366 1991 394 2038 ct
413 1985 591 2053 dignitatem,
604 1986 749 2037 moderata
767 1984 830 2037 sint.
867 1985 970 2037 Modus

126 2070 219 2119 autem
239 2071 281 2118 est
299 2065 423 2135 optimus
441 2066 528 2118 decus
546 2065 640 2134 ipsum
658 2070 759 2131 tencre,
776 2065 811 2117 de
830 2080 887 2132 quo
906 2070 969 2119 unte

125 2146 257 2213 diximus,
270 2162 321 2199 nec
338 2145 473 2215 progredi
488 2146 610 2215 longius.
649 2146 757 2197 Horum
774 2150 868 2197 temen
884 2146 970 2199 trium

79 2246 98 2279 α
110 2226 393 2296 praestantissimum
406 2232 448 2280 est
459 2226 617 2301 uppetitum
630 2226 821 2297 obtemperare
830 2225 944 2296 ΕΜ.
1022 2220 1024 2224 ’

88 2330 123 2372 fi.
140 2309 217 2371 *XL
251 2309 308 2361 142.
334 2308 473 2377 Deinceps
490 2308 526 2360 dc
541 2307 640 2360 ordine
657 2323 747 2359 rerum
762 2312 790 2359 et
806 2307 970 2376 opportuni-

95 2379 97 2389 '
124 2393 181 2441 tate
201 2394 358 2457 temporum
377 2388 530 2441 dicendum
549 2386 599 2441 est,
638 2388 716 2441 Haec
737 2391 830 2440 etitem
853 2387 970 2441 scientis

124 2469 302 2524 continentur
323 2486 363 2537 ee,
380 2486 464 2538 quum
487 2470 587 2523 Grueei
605 2475 722 2529 εὐταξίαν
740 2469 895 2537 nominent,
911 2485 970 2522 non

124 2552 205 2618 hanc,
216 2567 301 2618 quam
315 2550 532 2619 interpretemur
541 2553 556 2579 “
565 2550 757 2617 modestiam,''
768 2566 824 2618 quo
838 2550 868 2602 in
884 2550 969 2604 verbo

124 2634 140 2661 “
149 2632 273 2685 modus’'
283 2632 364 2697 inest,
375 2632 424 2683 sed
440 2631 489 2685 illu
504 2636 546 2684 est
560 2636 668 2699 εὐταξία,
679 2630 708 2683 in
725 2646 780 2699 que
794 2629 970 2700 intellegitur

101 2711 230 2785 gordinis
249 2712 431 2765 conservatio.
468 2713 576 2779 Itaque,
590 2712 767 2773 uteemderu
785 2728 836 2764 nos
849 2712 969 2765 “mode-

123 2793 226 2846 stium'’
240 2794 420 2862 appellemus
431 2792 471 2845 sic
486 2793 619 2845 definitur
633 2810 649 2845 e
665 2792 773 2860 Stoicis
783 2797 816 2845 ut
830 2792 968 2845 modestia

124 2873 160 2926 sit
178 2873 294 2926 scientie
311 2890 403 2926 rerum
421 2889 609 2941 eorumquae
629 2879 747 2941 agentur
765 2880 814 2925 aut
831 2872 981 2939 dicentur„

124 2954 187 3007 loco
201 2971 252 3007 suo
267 2954 503 3007 collocandorum.
541 2955 586 3005 Ite
599 2953 711 3005 videtur
726 2952 824 3005 eudem
836 2954 879 3005 vis
894 2952 967 3004 ordi·

124 3033 168 3085 nis
183 3040 212 3086 et
227 3034 420 3087 collocutionis
435 3033 501 3088 fore.
539 3034 612 3086 Nem
628 3040 656 3085 et
671 3031 798 3085 ordinem
815 3031 855 3085 sic
870 3031 967 3085 defini·

124 3116 183 3176 unt,
192 3114 422 3182 compositionem
431 3129 521 3167 rerum
533 3112 608 3183 aptis
617 3117 645 3165 et
654 3110 872 3165 accommodatis
882 3111 966 3167 locis:
