2242 3542
301 114 397 165 ‘CATO
415 116 545 166 MAJOR.
582 118 660 167 OAP.
678 118 756 167 VIII.
775 118 824 167 IX.
883 74 891 95 .
978 125 992 168 9

225 200 289 247 Τιιιιι
301 198 414 261 equidem
425 200 449 246 in
462 205 561 247 senecta
573 200 619 247 hoc
630 200 724 263 deputo
734 197 907 258 miserrimum,

227 264 322 311 Sentire
335 280 363 311 ea
374 269 455 312 aetate
467 280 518 311 esse
530 280 555 312 se
568 266 681 313 odiosum
691 266 770 312 alteri.
1007 264 1010 269 ’

145 353 186 401 26.
205 348 362 401 ducundum
377 348 467 416 potius
483 364 564 415 quam
580 349 710 403 odiosum.
747 350 787 403 Ut
799 345 872 403 enim
889 350 992 403 adoles

145 422 269 477 centibus
290 423 361 477 bona
379 424 470 477 indole
491 424 625 492 praeditis
646 426 782 493 sapientes
808 443 887 479 senes
906 425 993 479 delec-

146 502 247 570 tantur,
260 500 399 569 leviorque
413 500 445 559 lit
457 516 549 553 eorum
568 504 693 553 senectus
706 501 752 568 qui
764 518 780 553 a
787 500 934 568 juventute
952 518 993 554 co
1061 551 1063 553 ,

21 608 23 615 ,
56 582 78 649 ¹,
125 574 237 648 ‚luntur
254 580 282 629 ct
298 576 455 643 diliguntur,
475 577 513 629 sic
528 576 714 630 adolescentes
729 593 824 630 senum
839 577 992 646 praeceptis
1075 595 1078 599 ·

144 651 265 719 gaudent
288 652 397 720 quibus
411 652 447 705 ad
470 653 603 705 virtutum
629 653 720 705 studia
743 652 887 707 ducuntur.
933 653 992 706 Nec

57 737 72 800 J
146 728 232 780 [ninus
248 728 369 795 intelligo
383 728 515 781 merobis
530 745 611 796 quam
627 728 693 781 mibi
710 746 756 782 vos
773 746 833 782 csse
846 728 990 796 jucundos.

73 804 76 809 '
146 802 201 855 Sed
213 802 312 855 videtis
326 808 357 855 ut
372 807 497 857 senectus
515 820 568 856 non
585 804 666 858 modo
677 805 806 873 languida
817 810 901 873 atque
916 805 991 857 iners

144 894 197 930 non
209 880 252 944 sit,
263 885 355 932 verum
366 880 447 933 etiam
461 880 497 933 sit
509 897 622 949 operosa
634 887 663 934 et
675 898 783 950 semper
791 898 875 948 agens
887 881 991 950 aliquid

144 959 174 1006 ct
186 956 307 1020 moliens,
320 956 375 1009 tale
388 956 490 1009 scilicet
503 956 583 1024 qualo
595 958 727 1026 cujusquo
739 958 860 1011 studium
873 958 900 1010 in
913 975 991 1027 supe

146 1032 216 1083 riore
233 1032 289 1084 vita
304 1032 362 1085 luit.
400 1031 479 1098 Quid,
496 1034 542 1101 qui
558 1034 641 1085 etiam
659 1034 804 1087 addiscunt
820 1034 941 1102 aliquidl
958 1039 990 1088 ut

145 1106 269 1159 Solonem
288 1107 409 1161 uersibus
426 1108 587 1173 gloriantem
602 1110 733 1175 videmus,
753 1110 800 1178 qui
819 1127 849 1163 se
867 1109 989 1177 quotidie

146 1182 250 1251 aliquid
269 1184 455 1242 addiscentem
474 1184 540 1257 dicit
559 1202 650 1237 senem
668 1186 741 1239 fieri:
759 1190 791 1239 ut
809 1203 859 1254 ego
874 1186 927 1239 leci
942 1187 988 1255 qui

144 1258 260 1313 Graecas
284 1260 392 1313 litteras
416 1276 497 1313 senex
518 1260 609 1326 didici,
630 1278 697 1329 quas
717 1261 828 1329 quidem
852 1262 891 1314 sic
909 1262 988 1315 avide

142 1336 250 1403 arripui,
272 1337 349 1405 quasi
368 1336 523 1389 diuturnam
543 1336 617 1388 sitim
638 1337 748 1404 explere
767 1338 884 1405 cupiens,
905 1341 936 1390 ut
956 1332 994 1391 ea'

142 1412 200 1479 ipsa
212 1411 277 1465 mihi
291 1417 354 1465 nota
367 1416 458 1465 essent
470 1411 570 1479 qulbus
581 1429 625 1464 me
637 1428 708 1465 nunc
720 1414 851 1480 exemplis
862 1413 903 1465 uti
916 1412 988 1466 vide·

117 1528 120 1535 .
143 1487 185 1541 tis.
222 1486 301 1551 Quod
319 1504 402 1555 quum
421 1488 516 1541 fecisse
535 1487 675 1542 Socratem
693 1489 720 1541 in
740 1488 840 1542 fidibus
857 1489 987 1552 audirem,

92 1578 96 1589 ·
136 1563 238 1616 'vellem
251 1563 378 1631 equidem
391 1564 474 1617 etiam
491 1563 566 1628 illud,
579 1564 721 1617 discebant
736 1564 809 1617 enim
825 1564 925 1616 fidibus
942 1582 986 1618 an-

143 1640 219 1706 tiqui,
232 1640 321 1693 sedin
334 1640 433 1692 litteris
446 1643 521 1692 certe
534 1640 677 1693 elaboravi.

196 1716 245 1770 IX.
276 1719 316 1772 27.
347 1714 372 1767 N
375 1731 405 1768 ec
424 1732 495 1767 nunc
514 1715 624 1782 quidem
645 1717 716 1769 vires
738 1717 865 1769 desidero
884 1716 986 1769 adoles-

143 1790 236 1857 centis,
250 1792 273 1843 is
286 1790 357 1845 enim
370 1794 430 1844 erat
444 1791 517 1843 locus
533 1791 605 1844 alter
622 1792 656 1845 do
674 1792 748 1844 vitiis
763 1793 920 1856 senectutis,
933 1809 986 1844 non

143 1866 202 1934 plus
219 1884 300 1936 quam
314 1867 472 1921 adolescens
486 1868 558 1920 tauri
576 1872 623 1920 aut
638 1868 775 1936 elephanti
790 1867 985 1920 desiderabam.

144 1942 222 2008 Quod
246 1948 288 1997 est
308 1960 339 1996 eo
359 1943 439 1995 decet
458 1944 506 2011 uti,
533 1947 561 1995 et
582 1943 716 2011 quidquid
741 1960 807 2010 agas
831 1959 912 2009 agere
936 1960 987 2010 pro
1030 1944 1036 1979 ἵ

144 2020 251 2073 viribus.
288 2021 362 2083 Quae
375 2019 447 2073 enim
459 2036 510 2072 vox
528 2023 619 2086 potest
636 2036 696 2071 csso
711 2019 892 2086 contemptior
905 2036 986 2086 quam

143 2095 252 2148 Milonis
265 2096 453 2149 Crotoniatae?
472 2096 526 2161 qui,
540 2111 624 2161 aluum
637 2094 696 2159 jam
713 2110 797 2146 senex
815 2098 887 2146 esset
903 2094 987 2147 athle

21 2222 23 2229 ,
90 2192 92 2197 ·
143 2179 240 2239 tasque
264 2187 292 2223 se
316 2173 474 2222 exercentes
495 2170 522 2221 in
543 2168 675 2221 curriculo
697 2169 809 2235 rideret,
831 2168 987 2236 adspexisse

143 2247 257 2299 lacertos
272 2262 333 2298 suos
346 2246 446 2299 dicitur
462 2245 679 2313 illacrimansque
690 2245 807 2299 dixisse:
834 2247 874 2298 At
890 2245 917 2298 bi
930 2247 988 2314 qui-

142 2324 204 2376 dem
217 2322 316 2375 mortui
324 2322 383 2390 jam
397 2327 467 2376 sunt.
503 2322 564 2374 Non
576 2339 641 2375 vero
653 2328 710 2375 tam
722 2322 768 2375 isti
782 2340 863 2391 quam
877 2322 986 2391 tuipse,

141 2403 271 2467 nugator;
289 2415 377 2466 neque
393 2399 464 2451 enim
479 2416 512 2451 ex
529 2402 558 2451 te
575 2416 694 2467 unquam
716 2416 745 2451 es
761 2398 921 2452 nobilitatus
938 2400 986 2451 sed

61 2509 64 2514 -
140 2494 173 2531 cx
194 2474 325 2529 lateribus
345 2478 374 2527 et
395 2474 504 2527 lacertis
523 2475 585 2529 tuis.
629 2475 704 2527 Nihil
726 2474 787 2528 Sex.
809 2474 904 2527 Aelius
925 2475 991 2540 tale,

36 2554 41 2558 '
141 2552 206 2605 nibil
225 2552 316 2605 multis
336 2551 412 2603 annis
432 2556 495 2604 ante
512 2551 550 2604 ri.
566 2551 756 2617 Coruncanius,
774 2550 840 2602 nihil
857 2550 938 2602 modo
957 2550 985 2603 l'.

140 2630 260 2694 Crassus
272 2644 288 2679 a
301 2626 400 2695 quibus
410 2627 474 2694 jura
484 2626 588 2679 civibus
599 2625 863 2695 praescribebantur,
871 2642 986 2693 quorum

141 2720 225 2771 usquc
245 2703 280 2755 ad
300 2706 452 2764 extremum
473 2702 599 2770 spiritum
619 2705 662 2755 est
683 2708 812 2769 provecta
832 2702 985 2769 prudentia.

140 2784 181 2833 28.
208 2778 308 2831 Orator
332 2781 424 2831 metuo
444 2794 478 2831 ne
502 2778 660 2845 languescat
681 2780 827 2844 senectute,
848 2782 891 2831 est
914 2779 986 2830 enim

139 2870 236 2907 munus
251 2854 310 2921 ejus
325 2870 379 2906 non
395 2853 496 2921 ingenii
514 2853 601 2905 solum
616 2853 666 2905 sed
682 2853 798 2908 laterum
813 2855 895 2907 etiam
908 2856 937 2906 et
949 2853 987 2904 vi-

139 2930 216 2983 rium.
254 2930 370 2982 Omnino
382 2946 511 2982 canorum
526 2928 594 2980 illud
608 2928 636 2980 in
649 2944 715 2981 voce
727 2928 892 2996 splendescit
904 2928 986 2981 etiam

33 3010 37 3019 ’
138 3006 229 3059 nescio
241 3022 295 3074 quo
307 3008 386 3074 pacto
398 3005 426 3057 in
439 3007 589 3070 senectute,
602 3004 675 3072 quod
691 3003 819 3071 equidem
834 3002 922 3055 adhuc
933 3020 986 3054 non

139 3082 225 3148 amisi,
242 3086 271 3135 ct
285 3081 385 3134 videtis
402 3096 494 3135 annos.
532 3079 588 3132 Sed
607 3084 700 3132 tamen
719 3078 834 3130 decorus
853 3080 895 3129 est
916 3078 987 3129 senis

67 3166 69 3171 '
140 3173 229 3211 sermo
244 3158 353 3226 quietus
371 3160 399 3210 et
417 3157 555 3221 remissae,
573 3154 694 3221 facitque
711 3167 843 3221 persaepe
859 3152 918 3219 ipsa
936 3148 987 3203 sibi
