2242 3542
335 183 405 232 LlB.
422 182 471 245 IL,
487 182 566 232 CAP.
583 182 606 231 Ι.
622 182 669 243 ΙΙ.,
688 180 773 241 §1-5.
929 188 975 235 117

132 268 206 338 quid
221 267 299 335 utile,
315 266 385 335 quid
400 266 508 335 inutile,
522 272 583 319 tum
602 282 637 319 ex
655 265 773 319 utilibus
791 267 862 335 quid
879 268 993 374 utilinsq

132 354 182 402 aut
197 348 268 417 quid
282 349 404 401 maxime
419 347 495 401 utile.
533 348 577 399 De
592 346 694 414 quibus
709 346 802 400 dicere
818 348 975 419 adgrediar,

132 431 157 482 si
172 446 263 499 pauca
276 428 354 498 prius
369 430 405 481 de
419 428 550 501 instituto
568 443 600 479 ae
615 427 651 479 dc
665 426 772 479 iudicio
788 444 849 481 meo
868 428 973 483 dixero.

132 513 156 563 2.
178 511 356 576 Quamquam
374 508 448 561 enim
462 508 528 560 libri
543 506 632 559 nostri
649 508 805 577 complures
819 525 875 561 non
889 510 975 562 modo

132 591 170 643 ad
185 589 306 658 legendi,
320 590 370 642 sed
384 588 470 642 etiam
485 589 522 641 ad
537 588 680 641 scribendi
698 588 823 641 studium
839 590 974 643 excitave-

131 675 206 737 runt,
217 676 310 723 tamen
322 670 466 723 interdum
475 685 572 724 vereor
582 685 617 721 ne
632 668 801 736 quibusdam
814 670 896 722 bonis
908 671 975 724 viris

94 756 103 825 [
131 750 329 821 philosophiae
353 767 456 803 nomen
480 749 517 801 sit
538 748 660 803 invisum
681 748 871 817 mirenturque
892 750 922 803 iu
944 769 975 804 ea

132 837 242 884 tantum
260 848 304 884 me
324 846 423 900 operae
443 834 471 883 et
490 829 624 898 temporis
642 845 753 897 ponere.
790 831 852 899 Ego
873 837 974 899 auteur,

132 928 217 980 quam
230 911 280 963 diu
292 927 335 963 res
347 910 462 980 publica
471 925 521 979 per
533 926 581 962 eos
593 910 748 979 gerebatur,
759 910 862 976 quibus
875 926 903 963 se
913 911 975 979 ipsa

132 991 314 1059 commiserat,
326 1007 420 1043 omnes
433 1007 509 1043 meas
521 1006 601 1041 curas
617 988 856 1058 cogitationesque
871 990 900 1043 iu
914 1008 974 1045 earn

132 1068 313 1123 conferebam.
351 1070 422 1122 Cum
441 1072 534 1121 autem
553 1067 701 1121 dominatu
721 1069 804 1123 unius
824 1070 918 1123 omnia
936 1075 975 1124 te·

131 1155 262 1201 nerentur
279 1165 369 1216 neque
387 1153 459 1201 esset
473 1163 592 1217 usquam
611 1148 729 1201 consilio
748 1156 797 1203 aut
812 1152 975 1206 auctoritati

130 1228 218 1294 locus,
236 1227 326 1279 socios
348 1226 470 1293 denique
492 1225 615 1279 tuendae
637 1224 677 1277 rei
699 1226 835 1295 publicae,
852 1243 974 1281 summos

130 1308 212 1375 viros,
226 1307 386 1374 amisissem,
399 1324 450 1360 nec
467 1324 512 1359 me
527 1307 678 1376 angoribus
694 1306 802 1372 dedidi,
816 1307 918 1373 quibus
934 1326 974 1360 es-

131 1405 186 1441 sem
203 1388 352 1454 confectus,
363 1388 418 1439 nisi
430 1387 465 1440 iis
480 1386 649 1453 restitissem,
660 1402 712 1437 nec
727 1402 836 1438 rursum
847 1386 973 1456 indignis

130 1469 244 1521 homine
259 1469 343 1521 docto
355 1467 556 1538 voluptatibus.
596 1470 619 1520 3.
640 1468 734 1535 Atque
749 1467 856 1519 utinam
869 1484 911 1521 res
925 1486 972 1538 pu·

129 1550 205 1602 blica
219 1549 339 1601 stetisset
355 1566 411 1619 quo
427 1554 557 1618 coeperat
574 1553 648 1601 statu
664 1563 715 1600 nec
730 1548 759 1600 in
774 1549 901 1603 homines
916 1567 973 1603 non

128 1636 185 1681 tam
199 1631 458 1684 commutandarum
470 1645 554 1696 quarn
568 1630 780 1682 evertendarum
792 1645 883 1683 rerum
896 1632 973 1701 cupi-

128 1712 182 1763 dos
202 1710 365 1764 incidissetl
403 1710 529 1763 Primum
552 1710 634 1778 enirn,
650 1715 682 1763 ut
702 1715 793 1763 stante
812 1728 840 1764 re
859 1713 972 1781 publica

127 1791 217 1845 facere
237 1793 401 1861 solebamus,
415 1793 445 1844 in
464 1792 575 1863 agendo
594 1794 657 1863 plus
677 1811 761 1863 quam
775 1796 805 1847 in
825 1796 971 1849 scribendo

128 1890 229 1943 operae
247 1890 421 1943 poneremus,
435 1874 538 1927 deinde
557 1874 626 1943 ipsis
645 1876 756 1945 seu'ptis
774 1893 831 1929 non
847 1895 886 1944 ea,
901 1894 971 1947 quae

128 1971 211 2022 nunc,
227 1956 276 2007 sed
296 1956 419 2008 actiones
437 1960 545 2008 nostras
564 1956 768 2023 mandaremus
784 1963 816 2009 ut
835 1974 916 2027 saepe
934 1958 971 2011 fe-

127 2037 224 2090 cimus.
262 2038 333 2090 Oum
355 2043 448 2091 autem
470 2054 513 2090 res
534 2038 702 2107 publicam
723 2056 779 2106 qua
801 2040 891 2091 omnis
910 2056 971 2092 mea

127 2133 201 2182 cura,
213 2117 356 2187 cogitatio,
368 2135 452 2188 opera
464 2119 533 2188 poni
546 2119 661 2185 solebat,
673 2120 750 2171 nulla
766 2124 836 2171 esset
849 2120 970 2188 omnino,

126 2198 192 2250 illae
211 2198 318 2251 seilicet
337 2199 446 2252 litterae
465 2200 660 2253 conticuerunt
679 2199 800 2252 forenses
819 2206 847 2252 et
865 2208 971 2252 senato-

126 2277 193 2332 riae.
230 2280 256 2331 4.
274 2279 353 2332 Nihil
373 2296 455 2349 agere
475 2286 651 2333 autemeam
671 2280 779 2333 animus
797 2296 853 2332 non
869 2287 969 2348 posset,

126 2358 156 2411 in
171 2358 217 2410 his
234 2358 335 2411 studiis
350 2360 386 2411 ab
401 2359 483 2412 initio
497 2365 621 2413 versatus
638 2361 736 2413 aetatis
752 2360 910 2413 existimavi
922 2363 970 2413 lro-

126 2439 282 2492 nestissinre
302 2441 442 2493 molestias
461 2458 541 2510 posse
561 2442 673 2511 deponi,
691 2442 713 2493 si
732 2459 776 2495 me
796 2442 832 2494 ad
849 2443 971 2512 philoso-

126 2520 224 2590 phiam
240 2521 416 2575 rettulissem.
454 2522 506 2575 Cui
521 2538 585 2575 cum
603 2525 722 2575 multum
740 2524 900 2576 adolescens
914 2525 970 2577 dis-

127 2601 209 2653 cendi
229 2618 312 2654 eausa
329 2602 463 2670 temporis
481 2602 648 2669 tribuissem,
665 2609 762 2671 postea
782 2620 865 2671 quarn
885 2605 970 2655 hono-

127 2682 204 2734 ribus
214 2681 345 2734 inservire
359 2684 439 2751 coepi
452 2700 551 2750 meque
561 2690 653 2735 totum
667 2684 706 2735 roi
717 2684 845 2753 publicae
856 2684 969 2750 tradidi,

127 2767 236 2814 tanturn
259 2770 317 2815 erat
338 2763 536 2832 philosophiae
558 2764 621 2829 loci,
641 2772 777 2831 quantum
797 2765 970 2833 superfuerat

127 2843 281 2895 amicornm
300 2849 329 2895 et
343 2844 382 2895 rei
397 2844 526 2912 publicae
543 2844 685 2913 temporis.
723 2846 757 2895 Id
778 2851 870 2897 autern
890 2860 970 2895 omne

127 2922 342 2975 consumebatur
360 2924 388 2974 in
408 2925 538 2992 legendo,
555 2923 698 2975 scribendi
717 2924 806 2975 otium
826 2940 882 2975 non
903 2930 967 2975 erat.

126 3004 163 3056 II.
202 3005 226 3055 5.
247 3002 377 3055 Maximis
392 3003 480 3072 igitur·
494 3004 524 3054 in
539 3003 620 3054 malis
636 3003 689 3054 hoe
704 3008 798 3055 tamen
810 3002 878 3055 boni
893 3003 969 3053 adse·

126 3081 186 3134 cuti
208 3081 344 3145 videmur,
363 3088 396 3135 ut
420 3100 452 3135 ea
475 3082 576 3134 litteris
601 3083 803 3146 mandaremus,
824 3096 894 3147 quae
918 3094 969 3131 neo

126 3166 205 3213 erant
218 3161 287 3214 satis
298 3168 365 3213 nota
377 3161 479 3214 uostris
493 3168 521 3212 et
531 3168 610 3213 erant
623 3160 783 3226 cognitione
796 3157 971 3224 dignissimaP

256 3241 287 3283 ltl
