2242 3542
117 136 165 181 152
428 132 478 181 DE
493 132 646 183 OFFICIIS
736 136 739 139 ’

116 218 250 287 deinceps
271 232 300 269 se
321 216 434 286 scripsit
455 208 668 269 dicturum'nec
690 216 812 269 exsolvit
828 216 868 285 id,
882 220 957 287 quod

114 298 287 367 promiserat.
325 298 349 351 8.
366 297 449 362 Quod
462 314 496 349 eo
508 297 599 367 magis
611 297 703 367 miror,
715 296 781 366 quia
794 292 929 367 scriptum
943 316 958 352 a

115 378 256 446 discipulo
268 377 328 429 eius
343 378 497 430 Posidonio
512 383 561 444 est,
572 377 689 447 triginta
702 377 781 429 annis
793 378 896 431 vixisse
909 381 956 432 Pa·

115 459 239 511 unctium
252 465 445 527 posteaquam
460 459 525 511 illos
539 459 626 511 libros
641 458 783 512 edidisset.
819 460 908 525 Quem
921 462 957 512 lo

116 555 179 591 cum
196 539 281 590 miror
301 556 318 592 a
336 539 491 591 Posidonio
510 539 631 591 breviter
651 555 709 592 esse
729 544 837 592 tactum
853 540 884 592 in
899 541 959 609 qul·

100 644 103 649 ·
115 620 235 672 busdam
250 619 463 684 commentariis,
474 619 636 687 praesertim
652 635 715 672 cum
731 619 836 671 scribat
850 621 958 673 nullum

114 716 174 752 esse
190 701 283 752 locum
302 699 331 751 in
347 704 407 751 tota
426 698 606 767 philosophia
624 702 683 751 tam
701 700 897 753 necessarium.
935 704 957 754 9.

114 780 231 833 Minime
250 796 316 832 vero
335 780 479 832 adsentior
496 779 540 844 iis,
553 779 603 847 qui
622 786 727 849 negant
748 797 811 833 eum
832 782 958 833 loeuma

114 860 249 924 Panaetio
257 860 489 929 praetermissum,
500 860 550 912 sed
560 861 688 913 consulto
699 860 828 913 relictum
840 878 892 913 nec
902 878 958 913 om-

10 1010 14 1016 ·
114 940 182 992 nino
197 942 377 993 scribendum
391 939 483 1006 fuisse,
495 940 562 1009 quia
576 956 727 1008 numquam
744 948 837 1009 posset
850 941 958 993 utilitas

114 1036 178 1073 cum
197 1023 342 1073 honestate
360 1036 494 1090 pugnare.
531 1022 646 1089 Deque
665 1023 783 1073 alterum
801 1026 895 1090 potest
910 1022 957 1074 ha-

114 1102 179 1154 bere
198 1101 413 1165 dubitationem,
430 1101 661 1153 adhibendumne
680 1101 765 1154 fuerit
784 1102 839 1154 hoc
861 1118 956 1171 genus,

114 1182 191 1250 quod
203 1180 233 1232 in
246 1180 385 1233 divisione
398 1180 526 1233 Panaetii
541 1182 657 1234 tertium
672 1187 721 1249 est,
733 1199 768 1235 an
782 1183 864 1251 plane
878 1182 957 1233 omit-

113 1262 237 1328 tendum,
252 1262 376 1313 alterum.
385 1260 511 1313 dubitari
525 1277 583 1313 non
598 1267 691 1330 potest
707 1263 775 1331 quin
791 1280 808 1316 a
822 1261 956 1315 Panaetio

113 1347 274 1411 susceptum
286 1342 331 1409 sit,
342 1341 389 1393 sed
403 1341 541 1395 relictum.
579 1344 653 1395 Nam
666 1342 715 1412 qui
729 1360 743 1395 e
756 1342 896 1397 divisione
908 1342 956 1395 tri-

113 1424 216 1491 pertita
229 1424 299 1475 duas
311 1426 404 1491 partes
420 1421 579 1489 absolverit,
591 1422 658 1474 huic
673 1439 785 1476 necesse
801 1429 843 1477 est
855 1428 956 1477 restare

112 1504 232 1555 tertiam.
269 1505 415 1556 Praeterea
439 1502 469 1553 in
492 1508 619 1555 extremo
642 1502 715 1555 libro
739 1504 822 1557 tertio
846 1505 881 1557 de
903 1505 969 1557 hac.

112 1589 192 1651 parte
204 1584 353 1651 pollicetur
365 1599 394 1634 se
406 1582 540 1651 deinceps
555 1599 613 1635 esse
626 1584 776 1638 dicturum.
812 1587 853 1637 10.
870 1586 956 1637 Acce-

113 1664 157 1716 dit
169 1665 269 1716 eodem
281 1664 359 1715 testis
372 1664 497 1731 locuples
509 1663 688 1733 Posidonius,
700 1665 749 1733 qui
761 1664 846 1717 etiam
859 1666 955 1719 scribit

111 1744 142 1796 in
157 1745 279 1812 quadam
294 1743 414 1812 epistola
428 1744 460 1796 P.
474 1744 615 1797 Rutilium
630 1745 733 1797 Rufum
749 1746 843 1799 dicere
860 1748 955 1813 solere,

112 1825 162 1894 qui
174 1824 337 1877 Panaetium
353 1822 488 1892 audierat,
499 1825 558 1877 “ut
573 1841 654 1877 nemo
669 1826 761 1895 pictor
776 1831 848 1879 esset
860 1827 955 1879 inven-

111 1911 166 1975 tus,
179 1906 228 1975 qui
241 1905 271 1957 in
287 1906 345 1957 Coa
357 1906 465 1959 Venere
483 1920 544 1957 eam
560 1912 675 1974 partem,
690 1922 774 1975 quam
787 1908 901 1976 Apelles
915 1906 955 1959 in-

112 1987 242 2039 choatam
262 1986 428 2053 reliquisset,
444 1986 714 2038 absolveret”-01·is
736 1987 811 2039 enim
833 1987 954 2057 pulchri-

111 2069 183 2121 tudo
202 2065 303 2135 reliqui
323 2066 447 2136 corporis
464 2064 597 2119 imitandi
616 2083 693 2135 spem
712 2067 906 2121 aufe1·ebat—“
915 2068 954 2121 sic

111 2164 152 2214 ea,
166 2164 238 2215 quae
256 2146 406 2199 Panaetius
421 2146 652 2215 praetermisisset
671 2153 699 2201 et
712 2164 770 2200 non
785 2148 954 2217 perfecisset,

111 2234 227 2297 propter
235 2244 338 2292 eorum,
347 2221 418 2294 quae
428 2226 596 2296 perfecisset,
606 2230 806 2297 praestantiam
816 2230 955 2283 neminem

112 2326 170 2361 esse
184 2310 385 2377 persecutum.’‘

146 2390 197 2442 ΙΙΙ,
230 2390 270 2441 11.
287 2390 377 2453 Quam
392 2389 499 2442 obrem
514 2391 549 2443 de
565 2390 673 2444 indicio
688 2391 815 2444 Panaetii
830 2392 953 2446 dubitari

111 2486 167 2521 non
180 2474 281 2538 potest,
292 2475 402 2520 rectene
414 2475 508 2522 autem
524 2472 598 2523 hanc
612 2471 724 2525 tertiam
737 2478 846 2541 partem
859 2474 895 2525 ad
908 2490 954 2525 ex·

111 2550 278 2620 quirendum
292 2548 415 2601 officium
429 2551 589 2604 adiunxerit
602 2569 637 2604 an
650 2568 737 2621 secus,
749 2554 784 2605 de
796 2570 829 2605 eo
838 2553 954 2606 fortasse

111 2632 251 2701 disputari
265 2635 366 2700 potest.
403 2632 477 2685 Nam
496 2632 554 2685 sive
573 2632 723 2686 honesturn
742 2635 954 2687 solumbonum

111 2716 160 2779 est,
173 2717 206 2764 ut
224 2712 326 2765 Stoicis
344 2713 445 2782 placet,
459 2712 526 2780 sive,
540 2713 618 2781 quod
636 2714 784 2766 honestum
804 2719 853 2782 est,
866 2714 897 2767 id
911 2714 953 2767 ita

111 2807 249 2843 summum
268 2793 373 2844 bonum
395 2797 445 2858 est,
459 2807 542 2859 quem
564 2793 601 2845 ad
622 2793 738 2845 modurn
760 2794 953 2863 Peripateticis

110 2872 210 2923 vestris
222 2871 343 2937 videtur,
353 2875 386 2923 ut
401 2872 495 2923 omnia
510 2874 647 2925 ex-altera
662 2879 740 2941 parte
754 2876 891 2928 collocata
903 2876 953 2929 vix

109 2950 220 3002 minimi
234 2950 369 3002 momenti
386 2950 474 3003 instar
492 2951 621 3018 habeant,
633 2952 822 3006 dubitandum
839 2960 952 3009 nonest

110 3030 179 3094 quin
193 3046 346 3099 numquam
363 3029 452 3098 possit
468 3030 576 3104 utilitas
594 3046 658 3104 enm
677 3031 822 3087 honestate
840 3040 952 3087 conten-

110 3107 183 3182 dere„
199 3102 320 3177 'Itaque
342 3100 665 3178 accepimus—‘Socratem
676 3101 826 3165 'exsecrari'
837 3101 952 3171 [silitum
