2242 3542
132 186 164 234 82
444 181 494 230 DE
511 180 666 230 omens

168 268 210 321 61.
231 266 456 335 Intellegendum
480 268 574 317 autem
596 268 645 331 est,
665 278 729 315 cum
752 262 896 332 proposita
921 263 982 317 sint

111 386 115 424 ,
132 363 234 417 genera
249 352 415 415 quattuor,e
431 344 533 414 quibus
547 344 679 397 honestas
692 342 867 412 officiumque
882 360 980 397 mana-

111 433 114 442 '
133 434 181 496 ret,
195 425 454 496 splendidissimum
468 425 558 477 videri
576 424 652 492 quod
666 425 760 477 animo
776 440 878 492 magno
891 425 981 476 elato

133 524 187 577 que
207 509 397 574 humanasque
417 504 459 557 res
479 505 651 574 despiciente
670 504 777 556 factum
796 503 839 557 sit.
877 504 980 571 Itaque

133 589 162 640 in
180 587 290 657 probris
309 586 431 639 maxime
450 584 481 637 iu
500 591 632 655 promptu
653 589 702 654 est,
715 585 739 636 si
759 585 829 652 quid
847 585 904 637 tale
917 583 980 637 dici

132 672 241 737 potest:

133 787 186 835 Vos
194 788 269 847 enlm,
279 788 390 846 invenes,
400 787 512 833 animum
520 786 612 845 geritis
620 786 777 843 muliebrem,
787 785 909 845 illavirgo
918 785 977 846 viri,

132 903 160 952 et
174 899 196 953 si
210 900 279 969 quid
292 900 352 953 eius
365 900 458 955 modi:

263 1024 403 1071 Salmacida
413 1025 496 1085 spolia
506 1026 560 1070 sine
572 1024 665 1071 sudore
676 1024 702 1070 et
712 1024 841 1083 sanguine

133 1146 292 1212 Contraque
314 1144 345 1197 in
364 1145 506 1212 laudibus,
529 1162 600 1213 quae
625 1162 727 1215 magno
751 1145 845 1197 animo
866 1143 978 1198 fortiter

133 1227 354 1293 excellenterque
374 1230 452 1295 gesta
471 1231 544 1293 sunt,
558 1243 591 1278 ea
609 1227 774 1295 nescioquo
793 1227 878 1278 modo
895 1226 977 1295 'quasi

133 1306 258 1374 pleniore
279 1322 326 1359 ore
349 1308 502 1361 laudamus.
541 1308 616 1360 Hinc
638 1309 780 1360 rhetorum
803 1323 917 1376 campus
939 1308 977 1361 de

132 1387 306 1454 Marathone,
322 1388 469 1455 Salamine,
483 1388 614 1455 Plataeis,
624 1388 826 1457 Thermopylis,
840 1387 975 1456 Leuctris,

132 1467 199 1519 hine
212 1474 305 1520 noster
314 1470 419 1538 Cocles,
428 1469 496 1521 hinc
508 1467 598 1537 Decii,
606 1468 673 1520 hinc
685 1470 735 1521 Cu.
744 1473 773 1521 et
782 1470 812 1522 P.
822 1467 974 1536 Scipiones,

134 1548 199 1601 hinc
213 1550 250 1601 Μ.
261 1550 416 1617 Marcellae,
427 1549 644 1601 innumerabiles
660 1549 716 1616 alii,
727 1549 902 1617 maximeque
914 1547 975 1616 ipse

132 1630 255 1697 populus
265 1630 406 1681 Romanus
419 1630 506 1682 animi
518 1630 714 1698 magnitudine
727 1629 845 1684 excellit.
877 1630 974 1681 Decla-

132 1715 210 1760 ratur
231 1714 324 1761 autem
344 1709 469 1761 studium
492 1710 610 1762 bellicae
636 1709 750 1779 gloriae,
770 1708 847 1777 quod
869 1713 974 1762 statuas

133 1805 244 1856 quoque
257 1789 385 1841 videmus
398 1794 497 1842 ornatu
510 1790 567 1842 fere
580 1790 702 1843 militari.

167 1870 244 1923 XIX.
275 1872 317 1922 62.
339 1870 393 1922 Sed
409 1886 441 1923 ea
457 1870 542 1923 animi
558 1871 651 1938 elatio,
663 1886 733 1939 quae
749 1870 870 1922 cernitur
883 1870 913 1921 in
926 1886 974 1937 pe·

110 1902 227 2036 iriculis
246 1954 274 2001 et
293 1950 443 2016 laboribus,
462 1950 485 2001 si
504 1950 614 2003 iustitia
632 1956 713 2003 vacat
731 1957 897 2019 pugnatque
915 1966 974 2001 non

115 2039 183 2097 'pro
203 2031 291 2082 salute
312 2030 460 2099 communi,
481 2032 529 2083 secl
549 2048 601 2099 pro
623 2031 680 2083 suis
702 2031 865 2098 commodis,
884 2031 914 2085 in
933 2031 973 2082 vi-

112 2076 173 2161 itio
188 2116 236 2164 est.
275 2111 340 2163 Non
356 2112 441 2163 modo
456 2112 529 2163 enim
550 2111 582 2162 id
597 2110 709 2164 virtutis
726 2127 783 2163 non
799 2116 848 2178 est,
864 2111 913 2163 scd
931 2115 974 2164 est

131 2191 225 2259 potius
247 2192 431 2244 immanitatis
451 2208 559 2244 omnem
579 2191 782 2243 humanitatem
804 2190 972 2260 repellentis.

131 2270 229 2340 Itaque
250 2273 337 2341 probe
356 2272 489 2326 definitur·
508 2288 524 2324 a
544 2271 646 2324 Stoicis
667 2271 812 2340 fortitude,
830 2289 894 2324 cum
912 2288 973 2325 eam

132 2351 265 2404 uirtutem
288 2369 347 2405 esse
373 2353 472 2404 dicunt
496 2356 722 2421 propugnantem
746 2369 797 2421 pro
824 2353 972 2420 aequitate.

132 2430 269 2495 Quocirca
291 2448 381 2500 neme,
399 2432 449 2499 qui
471 2430 647 2484 fortitudinis
669 2433 788 2501 gloriam
810 2439 973 2486 consecutus

131 2515 173 2563 est
188 2510 299 2563 insidiis
319 2518 346 2564 et
363 2512 479 2577 malitia,
495 2513 607 2564 laudem
627 2518 669 2565 est
683 2514 817 2582 adeptus:
837 2514 909 2566 nihil
925 2514 968 2566 ho

131 2596 240 2643 nestum
257 2606 314 2643 esse
331 2598 431 2661 potest,
446 2592 522 2659 quod
539 2592 648 2645 iustitia
662 2600 752 2647 vacat.
767 2636 774 2647 „
790 2596 832 2647 63.
848 2595 973 2647 Praecla-

131 2688 193 2723 rum
203 2670 290 2741 igitur
299 2671 371 2724 illud
381 2672 524 2725 Platonis:
540 2675 555 2701 “
565 2674 630 2725 Nou
637 2675 653 2700 ”
663 2673 756 2740 inquit
765 2678 780 2703 “
787 2676 877 2726 solum
888 2674 971 2726 scien-

130 2752 178 2815 tia,
191 2767 262 2818 quae
276 2758 317 2804 est
330 2758 434 2805 remota
449 2754 484 2805 ab
496 2752 613 2816 iustitia,
624 2753 766 2806 calliditas
781 2755 876 2823 potius
890 2770 973 2828 quam

130 2832 269 2899 sapientia
284 2838 326 2885 est
340 2835 627 2901 appellanda,veru1n
640 2834 724 2885 etiam
738 2836 847 2888 animus
859 2835 973 2904 paratus

131 2913 168 2963 ad
178 2912 341 2980 periculum,
357 2914 380 2965 si
393 2930 443 2966 sua
455 2914 619 2982 cupiditate,
631 2931 687 2965 non
697 2915 818 2967 utilitate
832 2916 972 2968 communi

130 2990 293 3060 impellitur,
304 2994 438 3047 audaciae
453 2995 548 3064 potius
563 3010 665 3046 nomen
680 2994 783 3047 habeat
796 3012 881 3063 quam
896 2996 972 3049 forti-

131 3072 265 3127 tudinis.‘'
297 3074 396 3141 Itaque
409 3074 484 3125 viros
496 3073 582 3131 fortes
594 3074 787 3141 magnanimos
800 3077 912 3127 eosdem
925 3076 973 3127 bo

132 3165 182 3203 ‘ros
200 3156 228 3205 et
243 3153 391 3224 simplices,
405 3152 531 3207 veritatis
549 3152 654 3206 anticos
671 3152 842 3223 minimeque
860 3154 973 3211 fallaces
