2242 3542
264 190 333 239 LIB.
351 189 413 251 HL,
427 189 505 238 CAP.
523 188 625 237 XXIX.
641 189 737 250 XXX,
753 188 901 249 §104-109'.
959 194 1006 240 185

164 274 287 341 fidesque
297 274 365 325 iuris
374 273 487 327 iurandi
496 290 577 343 saepe
587 288 651 325 cum
661 273 743 326 hoste
753 275 896 329 servanda.
923 276 1005 341 Quod

164 356 238 409 enim
249 356 289 408 ita
301 355 423 407 iuratum
436 359 485 422 est,
494 359 526 405 ut
538 370 616 406 mens
629 353 789 423 conciperet
797 355 857 407 fieri
870 361 1005 425 oportere,

163 437 195 489 id
211 437 378 489 servandum
391 440 447 489 est:
467 436 545 503 quod
564 435 652 503 aliter,
665 434 697 487 id
713 436 737 487 si
755 452 812 487 non
827 436 932 503 fecerit,
946 439 1006 489 nul-

163 519 221 571 lum
242 523 284 571 est
302 517 464 587 periurium.
502 518 549 584 Ut,
566 516 590 568 si
609 516 800 585 praedonibus
820 522 933 586 paetum
953 534 1005 587 pro

161 598 253 669 capite
266 598 388 668 pretium
400 614 457 649 non
468 597 604 665 attuleris,
613 598 691 650 nulla
703 596 777 649 fraus
790 602 839 666 est,
850 615 884 650 ne
898 598 922 650 si
933 598 1005 652 iura-

161 685 207 733 tus
225 680 340 749 quidem
360 680 393 732 id
411 696 469 731 non
486 678 593 732 feceris.
631 679 705 731 Nam
724 679 815 748 pirata
834 696 890 731 non
910 687 951 732 est
971 698 1005 733 ex

161 761 345 830 perduellium
369 776 484 813 numero
507 759 647 826 definitus,
667 760 717 813 sed
739 760 895 813 communis
915 760 1004 814 hostis

160 842 292 895 omnium.
330 843 401 894 Cum
414 842 468 892 hoc
483 856 535 892 nec
546 840 617 891 fides
630 840 715 893 debet
729 856 782 893 nec
796 840 841 892 ius
855 841 1004 894 iurandum

159 938 217 975 esse
237 938 392 976 commune.
431 923 491 973 108.
510 922 577 974 Non
595 920 669 973 enim
685 920 785 975 falsum
803 922 894 974 iurare
913 923 1003 992 periu-

159 1020 218 1056 rare
237 1009 287 1072 est,
303 1004 360 1072 sed,
374 1002 452 1070 quod
472 1016 512 1053 nx
530 1016 619 1053 surur
638 1017 690 1055 rur
711 1016 877 1055 scurnum
894 1003 1001 1071 iuraris,

158 1084 230 1136 sicut
254 1083 346 1138 verbis
370 1082 529 1151 concipitur
552 1099 628 1135 more
652 1088 755 1152 nostro,
776 1083 808 1135 id
831 1099 889 1135 non
912 1083 1002 1137 facere

158 1164 310 1234 periurium
325 1168 374 1218 est.
412 1164 487 1217 Scite
502 1163 577 1217 enim
592 1164 758 1233 Euripides:

307 1280 391 1328 Iuravi
403 1281 499 1340 lingua,
512 1280 624 1326 mentem
638 1281 772 1331 iniuratum
785 1293 853 1355 gcrq.

157 1394 283 1462 Regulus
305 1410 371 1445 vero
395 1409 453 1446 non
477 1392 577 1445 debuit
601 1391 781 1445 condiciones
801 1392 1002 1463 pactionesque

157 1474 272 1527 bellicas
296 1477 326 1526 et
347 1474 464 1526 hostiles
484 1474 645 1543 perturbare
667 1473 797 1542 periurio.
836 1475 906 1527 Cum
923 1475 1002 1535 ‚iusto

157 1554 232 1607 enim
250 1559 279 1607 et
293 1554 422 1623 legitimo
440 1556 521 1607 hoste
539 1570 583 1607 res
602 1556 758 1623 gerebatur,
772 1556 904 1610 adversus
919 1573 1002 1625 quern

157 1640 185 1688 et
204 1640 298 1688 totum
318 1636 364 1689 ius
384 1634 479 1689 fetiale
504 1640 532 1689 et
552 1637 642 1689 multa
664 1640 730 1689 sunt
750 1636 812 1690 iura
834 1639 1000 1693 eommunia.

157 1716 239 1792 Quod
252 1716 283 1768 ni
298 1717 339 1769 ita
353 1721 433 1784 esset,
444 1732 597 1785 numquam
613 1718 703 1770 claros
713 1716 788 1772 viros
803 1724 915 1772 senatus
926 1720 1001 1774 vinc·

87 1821 92 1830 ·
157 1805 202 1849 tos
214 1798 345 1851 hostibus
357 1798 520 1851 dedidisset.

192 1879 283 1930 XXX.
322 1880 381 1931 109.
397 1880 436 1929 At
452 1894 516 1930 vero
532 1879 563 1932 T.
575 1878 706 1933 Veturius
725 1884 753 1932 et
772 1881 818 1949 Sp.
831 1882 1000 1951 Postumius,

156 1973 221 2009 curn
232 1958 333 2011 iterum
346 1960 474 2010 consules
486 1964 586 2026 essent,
598 1960 672 2028 quia,
681 1976 745 2013 eum
759 1962 831 2013 male
844 1969 1001 2031 pugnatum

157 2038 233 2106 apud
256 2038 396 2091 Gaudium
420 2044 500 2106 esset,
519 2040 679 2109 legionibus
700 2042 803 2093 nostris
827 2043 878 2094 sub
902 2043 1001 2113 iugum

157 2120 248 2172 missis
258 2136 355 2189 pacem
369 2136 433 2172 cum
446 2120 620 2173 Samnitibus
629 2121 759 2191 fecerant,
769 2122 860 2175 dediti
873 2129 938 2176 sunt
950 2124 999 2179 iis:

155 2200 262 2252 iniussu
281 2199 357 2252 enim
371 2200 471 2269 populi
486 2205 654 2270 senatusque
668 2201 800 2257 fecerant.
837 2203 1000 2272 Eodemque

156 2287 281 2349 ternpore
293 2280 335 2333 Ti.
345 2280 500 2349 Numicius,
510 2282 542 2347 Q.
551 2282 677 2351 Maelius,
688 2283 736 2351 qui
749 2287 810 2335 tum
822 2283 927 2336 tribuni
942 2287 999 2354 ple·
1097 2288 1100 2293 ’

157 2360 199 2412 his
211 2362 383 2430 e1·ant,quod
396 2378 491 2414 eorum
503 2363 670 2415 auctoritate
679 2380 736 2433 pax
749 2369 809 2417 erat
818 2364 900 2434 t'acta,
910 2366 1001 2419 dediti

157 2449 230 2507 sunt,
246 2447 279 2493 ut
297 2458 352 2511 pax
374 2443 542 2495 Samnitium
562 2443 763 2512 repudiaretur.
801 2446 896 2513 Atque
917 2446 1000 2499 huius

155 2522 310 2576 deditionis
334 2523 394 2593 ipse
416 2524 584 2591 Postumius,
603 2524 651 2592 qui
672 2526 836 2592 dedcbatm,
856 2542 952 2580 suasor
972 2533 1000 2581 et

155 2611 252 2658 auctor
266 2605 328 2659 fuit.
367 2606 452 2672 Quod
466 2605 543 2658 idem
561 2606 658 2659 multis
676 2606 755 2658 annis
773 2611 837 2676 post
852 2609 882 2661 C.
895 2610 1001 2662 Manci-

155 2702 217 2753 nus,
231 2686 288 2754 qui,
302 2692 333 2738 ut
348 2686 538 2753 Numantinis,
552 2687 719 2755 quibuscum
735 2686 794 2739 sine
809 2694 920 2741 senatus
938 2706 1000 2742 auc-

155 2765 269 2817 toritate
291 2766 392 2819 foedus
411 2766 522 2830 fecerat,
540 2768 698 2835 dederetur,
716 2767 890 2836 rogationem
913 2770 1000 2822 suasit

154 2862 225 2913 eam,
239 2863 323 2914 quam
338 2848 369 2900 L.
379 2848 489 2915 Furius
502 2852 564 2900 Sex.
576 2848 681 2900 Atilius
696 2864 731 2900 ex
746 2853 858 2901 senatus
872 2852 1000 2903 consulto

155 2926 298 2981 ferebant:
324 2943 380 2994 qua
401 2936 517 2997 accepta
537 2934 580 2980 est
600 2929 727 2981 hostibus
749 2929 869 2983 deditus.
907 2932 999 2983 Hone-

156 3007 225 3059 stius
238 3007 285 3058 hic
299 3024 382 3075 quarn
396 3010 428 3074 Q.
437 3010 596 3078 Pompeius,
608 3026 671 3077 quo,
683 3026 747 3061 cum
759 3009 789 3061 in
803 3011 901 3063 eadem
917 3027 1000 3065 causa

156 3093 234 3154 esset,
251 3088 421 3156 deprecante
440 3094 556 3157 accepta
574 3090 620 3141 lex
640 3106 697 3141 non
716 3095 764 3144 est.
801 3090 857 3142 Hic
876 3107 914 3159 ea,
929 3108 1000 3159 quae

155 3167 306 3221 videbatur
327 3168 443 3235 utilitas,
461 3170 526 3239 plus
547 3169 637 3221 valuit
659 3186 742 3239 quam
767 3170 904 3240 honestas,
923 3174 999 3243 apud
