2242 3542
125 191 176 237 1611
436 186 488 236 ΒΕ
504 184 658 238 omens

124 284 220 336 cietnti
242 299 330 351 esque
350 283 413 352 lege
434 287 518 335 natus
539 282 578 335 sis
599 287 627 334 et
649 300 681 336 ca
703 281 810 335 1111111111
829 278 969 350 principio

124 373 249 431 naturae,
262 363 365 431 quibus
383 379 480 433 perere
500 367 528 415 et
546 378 619 431 quae
639 361 718 429 sequi
738 361 849 428 debeas,
864 366 897 412 ut
915 361 971 413 uti-

124 446 188 498 litas
209 453 260 499 tua
281 445 437 498 communis
460 444 497 497 sit
518 444 628 497 utilitas
647 442 823 512 vicissimque
846 459 971 495 commu-

124 527 168 578 nis
192 527 301 579 utilitas
322 533 371 579 tua
395 526 440 592 sit,
461 526 567 579 celabis
590 526 719 578 homines
741 525 811 593 quid
832 524 870 577 iis
893 526 971 579 arisit

124 607 336 661 commoditatis
347 612 374 660 et
387 607 484 677 copiae
494 609 521 661 1”
554 606 749 675 Respondebit
762 606 905 675 Diogenes
916 606 972 658 for-

123 696 196 742 tasse
217 689 272 742 sic:
292 689 399 741 “Aliud
418 693 461 741 est
481 689 580 755 celare,
594 687 674 739 uliud
693 692 791 754 tacere,
805 704 896 755 neque
915 704 971 757 ego

124 786 198 822 nuuc
213 775 241 822 te
257 770 324 838 celo,
335 770 359 821 si
372 768 426 821 tibi
440 785 496 821 non
506 768 576 824 ,dico
592 784 663 835 quac
678 773 777 821 natura
790 768 907 823 deorum
923 769 970 833 sit,

125 850 174 919 qui
193 851 230 903 sit
244 850 308 903 finis
326 852 471 915 bonorum,
485 866 556 918 quae
571 850 625 902 tibi
640 851 703 920 plus
719 850 885 918 prodessent
903 865 971 918 cog-

124 932 183 983 nita
199 948 284 999 quun
302 931 390 983 tritici
405 930 506 984 vilitas.
546 932 602 983 Sed
618 947 675 983 nou
693 930 834 998 quidquid
849 929 903 982 tibi
921 946 971 982 uu-

125 1012 185 1063 dire
199 1012 267 1064 utile
280 1017 330 1078 est,
339 1012 370 1064 id
382 1012 452 1063 mibi
464 1012 557 1064 dicere
571 1028 680 1064 necesse
693 1005 839 1065 est.''—53.
856 1012 972 1062 “Immo

125 1095 214 1145 vero''
228 1093 337 1160 inquiet
355 1092 402 1145 ille
419 1097 554 1145 “necesse
574 1099 624 1159 est,
639 1093 662 1144 si
681 1092 797 1161 quidem
813 1084 970 1150 meministi

125 1191 182 1225 esse
197 1174 270 1224 inter
284 1173 412 1225 homines
430 1182 530 1226 natura
549 1173 729 1225 coniunctam
745 1162 970 1225 societatern.''-

126 1261 141 1281 ‘·
149 1253 263 1307 Memini
273 1254 288 1281 ”
303 1253 414 1321 inquiet
433 1253 490 1321 illc,
506 1253 580 1307 “sed
601 1270 669 1306 uunr
688 1253 742 1305 ista
765 1253 883 1305 societas
903 1252 973 1305 talis

125 1339 175 1400 est,
188 1339 220 1387 ut
234 1333 306 1386 nibil
322 1351 402 1387 suum
422 1335 557 1403 cuiusque
576 1335 633 1388 1111
669 1335 755 1400 Quod
768 1334 792 1385 si
809 1334 851 1386 ita
870 1338 920 1401 est,
933 1350 972 1385 ne

126 1416 306 1468 vendendum
328 1416 443 1483 quidem
466 1416 623 1484 quidquam
644 1420 693 1481 est,
710 1415 760 1467 sed
779 1414 973 1467 donandum*

126 1496 204 1548 XIII.
221 1496 308 1549 Vides
322 1497 351 1547 in
368 1498 421 1548 bac
435 1502 497 1548 tota
512 1495 717 1565 disceptatione
733 1504 790 1546 n'ou
805 1495 877 1547 illud
894 1494 971 1547 dici:

127 1576 260 1641 Quamvis
280 1578 334 1628 hoc
354 1584 436 1645 turpe
455 1577 499 1643 sit,
519 1581 621 1642 tamen,
637 1575 769 1643 quoniam
791 1576 914 1644 expedit,
930 1575 969 1629 fan

126 1656 206 1721 ciam,
220 1658 268 1709 scd
285 1658 325 1709 ita
340 1658 527 1726 expedirent
542 1663 625 1726 turpe
642 1673 698 1708 non
715 1650 908 1723 1111111111
923 1673 972 1709 au-

127 1746 182 1789 tem
202 1745 281 1805 purte
300 1754 331 1789 ea
350 1754 386 1803 11,
400 1738 466 1806 quia
484 1746 566 1806 turpe
586 1738 630 1803 sit,
645 1754 702 1790 non
724 1754 782 1790 esse
799 1737 970 1791 faciendum.

127 1819 169 1871 54.
187 1819 299 1871 Vendat
314 1818 398 1870 aedes
408 1818 452 1871 vir
466 1819 558 1871 bonus
572 1826 688 1889 propter
702 1820 797 1887 aliqua
809 1820 887 1885 vitia,
899 1836 972 1887 quae

127 1900 187 1968 ipsc
199 1900 281 1967 norit,
290 1902 375 1952 ceteri
388 1900 527 1969 ignorent,
536 1901 701 1969 pestilentes
711 1901 767 1953 sint
777 1910 806 1952 et
816 1900 972 1951 habeantur

127 1982 259 2049 salubres,
269 1980 414 2049 ignoretur
426 1981 456 2032 iu
471 1982 601 2033 omnibus
616 1970 753 2033 cubiculis
768 1996 901 2048 apparere
916 1996 973 2031 ser-

127 2068 233 2129 pentes,
245 2063 316 2113 male
331 2062 492 2113 materiatae
508 2061 572 2127 11111,
583 2062 719 2128 ruinosae,
731 2062 780 2113 sed
793 2062 847 2113 boc
862 2068 973 2129 praeter

128 2142 275 2194 dominum
287 2158 369 2194 nemo
381 2142 467 2196 sciat:
486 2148 597 2211 quaere,
607 2142 630 2193 si
641 2143 709 2193 ba'ec
723 2142 896 2210 emptoribus
905 2158 972 2193 ven-

128 2223 205 2275 ditor
225 2240 282 2275 nou
305 2223 410 2275 dixerit
431 2224 569 2291 aedesque
590 2222 750 2274 vendiderit
769 2220 859 2289 pluris
880 2222 972 2273 multo

128 2320 212 2370 quam
226 2321 254 2356 se
266 2304 447 2357 venditurum
459 2304 573 2373 putarit,
584 2319 651 2355 num
664 2303 766 2355 iniuste
782 2309 830 2355 aut
842 2302 972 2371 improbe

128 2384 243 2436 t'eceritl
272 2385 347 2435 “Ille
360 2386 449 2435 vcro‘'
462 2384 556 2451 inquit
568 2383 725 2452 Antipater.
754 2386 795 2435 55.
812 2383 913 2448 “Quid
928 2389 972 2435 111

127 2465 201 2515 eninr
223 2463 300 2515 aliud
321 2466 423 2515 erranti
441 2464 515 2515 riam
534 2480 592 2515 non
612 2470 772 2527 monstrare,
787 2464 864 2530 quod
883 2463 971 2515 Athe·

128 2544 172 2596 nis
191 2542 430 2595 exsecrationibus
446 2543 570 2612 publicis
587 2551 713 2595 sanctum
732 2549 781 2607 est,
797 2543 820 2595 si
840 2544 894 2595 hoc
914 2560 970 2594 non

129 2631 178 2690 est,
193 2629 346 2692 emptorem
361 2624 422 2692 pati
437 2639 514 2675 ruere
529 2629 557 2675 ct
572 2640 623 2692 per
637 2640 756 2676 errorem
772 2623 801 2674 iu
820 2625 972 2675 maximum

128 2705 257 2757 fraudem
275 2704 434 2756 incurreret
470 2704 539 2755 Plus
557 2703 641 2755 etiam
661 2710 702 2755 est
717 2720 801 2771 quam
820 2703 894 2755 viam
914 2718 970 2753 non

128 2792 298 2836 monstrare:
317 2801 383 2836 uam
401 2789 443 2836 est
458 2783 591 2835 scientem
609 2784 640 2835 in
657 2799 776 2837 errorem
794 2784 911 2835 alterum
930 2783 971 2834 in·

129 2866 255 2918 ducere.’'
292 2864 434 2932 Diogenes
456 2869 566 2915 contra:
588 2864 686 2915 “Num
709 2868 734 2914 te
756 2878 846 2915 emere
868 2862 971 2930 coegit,

129 2945 177 3013 qui
193 2962 228 2998 ne
244 2946 371 2997 hortatus
383 2943 498 3011 quidem
513 2945 573 2997 estl
608 2943 661 2995 Ille
676 2945 753 3011 quod
769 2960 825 2994 uon
841 2943 973 3012 placebat

128 3026 298 3093 proscripsit,
307 3030 337 3077 tu
351 3024 430 3091 quod
440 3023 570 3091 placebat
583 3022 682 3076 emisti.
718 3022 801 3087 Quod
814 3022 895 3091 siqui
909 3038 972 3091 pro-

129 3104 256 3154 scribunt
278 3104 389 3155 ‘villam
418 3103 520 3153 bonerii
547 3103 675 3169 beneque
701 3103 892 3169 aedificatam,'
914 3119 971 3155 nou

129 3180 325 3233 existimantur
338 3181 477 3247 fefellisse,
491 3180 576 3232 etiarn
595 3180 618 3231 si
637 3182 686 3233 illa
704 3196 756 3233 nec
772 3183 845 3234 boun
863 3190 971 3236 estnec
