2242 3542
146 134 193 181 156
452 132 503 180 DE
520 130 682 181 Oanlcns.

92 286 95 291 Ι
143 218 253 286 corpori
272 216 397 269 accidere
416 220 465 268 aut
482 216 567 268 rebus
587 214 717 269 externis.
753 215 828 268 Num
846 215 986 285 principio

142 298 219 350 tollit
231 298 391 349 convictum
403 296 557 349 humanum
570 288 598 349 et
610 296 780 349 societatem.
819 297 850 349 Si
862 298 935 350 enim
945 299 985 351 sic

143 379 244 431 erimus
256 377 368 442 adfecti,
379 382 411 429 ut
420 384 535 446 propter
544 392 625 429 suum
635 376 754 444 quisque
766 378 985 432 emolumentum

142 457 244 529 spoliet
262 464 310 509 aut
325 458 412 509 violet
430 459 556 525 alterum,
570 457 708 527 disrumpi
726 473 837 510 necesse
855 464 897 511 est
915 476 984 529 eam,

141 554 212 607 quae
226 536 348 590 maxime
366 542 408 589 est
427 538 581 590 seeundum
596 543 734 606 naturam,
745 538 861 590 humani
875 540 985 607 generis

141 618 309 673 societatem.
344 621 384 671 22.
401 619 448 686 Ut,
462 618 486 669 si
500 634 587 670 unum
602 619 737 685 quodque
754 619 910 671 membrum
924 637 985 674 sen·

140 715 201 751 sum
216 699 291 750 hunc
305 698 429 765 haberet,
439 702 472 750 ut
485 714 568 767 posse
578 704 693 767 putaret
706 714 736 750 se
750 700 850 767 valere,
863 700 887 751 si
900 716 985 768 prox·

139 780 189 831 imi
205 778 322 831 membri
337 778 529 832 valetudinem
548 778 586 831 ad
604 795 633 831 se
647 772 826 847 traduxisset,
840 779 984 833 debilitari

139 866 168 911 et
175 858 288 911 interire
301 864 393 911 totum
406 874 508 927 corpus
519 873 631 911 necesse
642 863 722 925 esset,
733 858 781 927 sic,
791 859 815 910 si
827 875 898 911 unus
909 860 983 927 quis

140 956 194 1007 que
207 946 333 991 nostrum
347 938 425 991 adse
440 938 531 1007 rapiat
547 940 696 991 commoda
710 939 829 991 aliorum
841 940 983 993 detrahat-

139 1036 193 1087 que
203 1021 281 1087 quod
294 1019 394 1088 cuique
407 1020 496 1089 possit
509 1018 690 1073 emolumenti
701 1019 744 1071 sui
754 1019 853 1088 gratia,
863 1020 983 1074 societas

138 1101 283 1153 hominum
299 1104 328 1152 et
342 1099 526 1152 communitas
542 1107 682 1152 evertatur
695 1116 806 1151 necesse
819 1107 869 1153 est.
907 1102 982 1154 Nam

138 1181 193 1233 sibi
214 1180 381 1247 utquisque
402 1180 483 1232 malit
498 1180 576 1249 quod
599 1181 636 1232 ad
654 1197 735 1233 usum
748 1180 822 1233 vitae
840 1182 982 1249 pertineat

138 1277 222 1329 quam
240 1260 318 1313 alteri
338 1259 479 1328 acquirere
498 1276 661 1313 concessum
678 1266 791 1313 estnon
805 1269 981 1329 repugnante

137 1346 244 1409 natura,
260 1342 333 1393 illud
355 1346 455 1393 natura
478 1358 534 1393 non
558 1342 673 1411 patitur,
687 1347 720 1394 ut
742 1340 859 1393 aliorum
882 1342 981 1409 spoliis

137 1428 247 1475 nostras
262 1422 417 1488 facultates,
429 1422 532 1490 copias,
543 1438 611 1490 opes
626 1437 783 1491 augeamus,
821 1424 863 1474 23.
880 1422 980 1489 Neque

136 1519 202 1556 vero
216 1504 270 1554 lroc
284 1503 375 1554 solum
387 1506 495 1567 natura,
506 1500 537 1553 id
552 1507 602 1568 est,
610 1501 672 1553 iure
686 1502 822 1570 gentium,
832 1502 882 1553 aed
894 1502 979 1555 etiarn

137 1583 246 1650 legibus
261 1582 437 1651 populorum,
451 1582 554 1650 quibus
572 1582 603 1633 in
621 1581 740 1651 singulis
758 1581 922 1634 civitatibus
936 1599 979 1635 res

136 1664 250 1731 publica
272 1664 438 1731 continetur,
452 1665 551 1717 eodem
571 1664 656 1715 modo
678 1663 863 1716 constitutum
883 1669 932 1728 est,
946 1669 980 1717 ut

136 1761 193 1796 non
202 1743 285 1796 liceat
298 1744 342 1796 sui
355 1745 496 1797 commodi
506 1761 588 1797 causa
599 1761 699 1797 nocere
710 1744 799 1798 alteri.
830 1746 893 1797 Hoc
902 1746 978 1799 enim

61 1842 65 1851 ·
136 1830 264 1893 spectant
275 1826 358 1895 leges,
370 1827 423 1878 lroc
435 1827 540 1891 volunt,
552 1826 719 1878 incolumem
729 1841 787 1877 esec
797 1825 902 1877 civium
914 1842 979 1887 con-

135 1905 314 1974 iunctionem,
325 1924 410 1976 quam
423 1906 473 1975 qui
486 1906 629 1972 dirimunt,
640 1921 688 1957 eos
700 1911 789 1957 morte
801 1905 908 1972 exsilic,
918 1906 978 1958 vin-

136 1988 304 2045 clis‹la.1nn0
320 1994 454 2041 coercent.
490 1989 584 2055 Atque
603 1988 657 2038 hoc
675 1988 765 2039 multo
784 1986 874 2054 magis
892 1985 978 2039 efficit

134 2066 196 2137 ipsa
208 2076 322 2122 naturae
335 2070 413 2138 ratio,
424 2086 496 2139 quae
509 2078 550 2123 est
561 2072 610 2121 lex
624 2068 722 2121 divina
735 2072 764 2119 et
776 2067 911 2120 humana:
931 2068 978 2119 cui

134 2164 230 2217 parere
249 2151 297 2219 qui
316 2150 516 2203 velit—omnes
539 2158 633 2203 autem
654 2147 802 2217 parebunt,
815 2147 865 2214 qui
883 2163 977 2199 secun

134 2232 203 2285 dum
217 2238 345 2285 naturam
361 2235 457 2287 volent
472 2232 755 2298 vivere-numquam
774 2228 931 2281 committet
946 2233 978 2281 ut
1047 2284 1051 2291 ,

134 2312 256 2365 alienum
271 2318 385 2382 appetat
400 2319 429 2366 et
443 2314 482 2380 id,
493 2314 571 2381 quod
587 2312 668 2365 alteri
683 2310 845 2376 detraxerit,
859 2309 914 2362 sibi
928 2309 977 2363 ad-

134 2396 232 2445 sumat.
267 2394 308 2445 24.
324 2393 437 2445 Etenim
452 2395 541 2445 multo
559 2392 650 2462 magis
669 2396 710 2445 est
728 2391 883 2444 secundum
897 2396 976 2443 natu-

132 2486 192 2524 ram
210 2473 355 2525 excelsitas
373 2473 459 2525 animi
478 2479 506 2525 et
524 2473 692 2542 magnitudo
710 2472 833 2541 itemque
851 2471 976 2538 comitas,

132 2551 247 2620 iustitia,
257 2552 409 2605 liberalitas
422 2569 506 2621 quam
519 2554 657 2621 voluptas,
668 2569 752 2621 quam
761 2552 926 2632 vitaqquam
934 2550 977 2603 di-

132 2632 234 2686 vitiae:
254 2649 325 2702 quae
340 2633 454 2701 quidem
469 2638 645 2686 contemnere
660 2638 688 2685 et
702 2648 754 2701 pro
768 2632 859 2685 nihilo
875 2633 977 2685 ducere

132 2718 341 2782 comparantem
356 2728 419 2765 cunr
435 2714 558 2766 utilitate
578 2713 719 2766 communi
734 2712 831 2781 magni
846 2711 933 2765 animi
947 2716 976 2764 et

131 2793 234 2845 excelsi
250 2798 299 2847 est.
337 2794 491 2846 Detrahere
510 2799 604 2846 autem
619 2795 655 2846 de
671 2794 759 2845 altero
774 2792 818 2845 sui
833 2791 976 2845 commodi

132 2878 214 2927 causa
226 2873 316 2943 magis
329 2880 371 2925 ost
386 2879 483 2927 contra
498 2879 626 2927 naturam
639 2890 724 2942 quam
736 2890 818 2941 mors,
829 2890 913 2943 quam
925 2874 977 2926 do-

132 2954 182 3020 lor,
193 2970 277 3022 quam
290 2958 381 3005 cetera
395 2954 505 3022 generis
520 2954 653 3007 eiusdem.
687 2957 729 3007 25.
744 2956 873 3021 Itemque
885 2953 976 3022 magis

131 3038 172 3083 est
191 3035 346 3086 secundum
361 3039 489 3086 naturam
503 3050 555 3103 pro
574 3034 705 3086 omnibus
723 3034 863 3103 gentibus,
876 3034 900 3086 si
915 3033 976 3086 fieri

130 3112 227 3179 possit,
238 3113 437 3166 conservandis
447 3118 495 3165 aut
504 3113 636 3166 iuvandis
649 3114 786 3167 maximos
798 3115 909 3167 labores
917 3131 971 3166 mo
