2242 3542
85 2 832 107 liquaminumuxaa.

308 140 377 191 cin.
394 140 442 203 11.,
458 140 537 191 cnr.
554 139 631 192 vru.
648 140 709 201 rx,
726 138 740 199 s
755 141 842 189 as-aa.
949 144 995 191 ηπ

146 242 241 295 aeque
256 242 352 278 omnes
366 228 459 295 egent,
472 224 521 277 sed
535 226 638 291 tamen,
651 224 675 277 si
689 223 735 277 cui
749 224 818 277 haec
833 228 996 293 suppetunt,

152 308 292 361 adiuvant
306 305 481 373 aliquantum
496 320 560 357 eum
577 304 614 357 ad
630 308 720 357 cetera
734 309 795 357 tum
810 306 847 357 ad
860 305 998 357 amicitias

152 388 363 457 comparandas.
400 386 450 439 IX.
471 385 526 437 Sed
542 384 578 437 de
594 384 718 437 amicitia
733 385 788 437 alio
801 384 873 437 libro
889 386 998 439 dictum

152 475 202 536 est,
216 468 266 536 qui
277 466 439 519 inscribitur
452 469 467 495 “
476 466 613 518 Laelius.'’
650 466 734 518 Nunc
749 465 876 519 dicamus
888 468 924 519 de
938 468 998 536 gle-

152 550 201 617 ria‚
215 563 384 618 quamquam
399 564 431 599 ea
446 563 557 616 quoque
571 548 608 599 de
622 562 651 598 re
668 547 725 599 duo
741 550 805 599 sunt
819 548 908 601 nostri
923 548 997 615 libri,

153 630 204 683 sed
217 628 388 697 attingamus
403 627 518 695 quando
533 627 649 694 quidem
664 643 696 679 ea
708 626 739 678 iu
751 627 834 680 rebus
846 628 998 682 maioribus

153 708 386 763 administrandis
399 707 516 760 adiuvat
528 707 689 776 plurimum.

190 791 303 843 Summa
320 789 410 858 igitur
427 792 455 841 et
473 788 597 857 perfecta
616 788 707 857 gloria
726 792 835 841 constat
855 806 889 841 ex
909 789 999 841 tribus

155 869 214 923 his:
234 870 258 921 si
271 870 367 938 diligit
379 868 541 937 multitudo,
555 868 579 920 si
592 868 677 921 fidem
690 869 782 936 habet,
796 869 820 921 si
835 885 899 923 cum
912 869 998 922 admi·

154 950 263 1023 ratione
282 950 405 1018 quadam
424 950 530 1001 honore
550 948 653 1017 dignes
672 954 761 1017 putat.
798 950 877 1002 Haec
897 954 998 1018 autem,

154 1031 178 1084 si
190 1036 232 1083 est
247 1030 412 1099 simpliciter
426 1028 604 1096 breviterque
623 1029 784 1096 dicendum,
798 1030 901 1097 quibus
916 1031 999 1083 rebus

154 1113 302 1182 pariuntur
319 1128 336 1163 a
355 1110 480 1179 singulis,
494 1109 599 1161 eisdem
613 1108 669 1161 fere
685 1126 701 1162 a
715 1110 905 1165 multitudine.
944 1112 999 1165 Sed

155 1197 197 1245 est
214 1192 286 1244 alius
304 1207 415 1258 quoque
435 1189 551 1257 quidam
570 1188 663 1241 aditus
682 1190 719 1242 ad
734 1190 954 1258 multitudinem,
968 1196 999 1243 ut

154 1273 184 1325 in
207 1272 400 1325 universorum
423 1270 531 1322 animos
551 1273 696 1337 tamquam
717 1269 832 1323 influere
852 1272 998 1340 possimus.

156 1356 198 1406 32.
221 1353 264 1404 Ac
282 1351 403 1421 primum
421 1351 456 1403 de
475 1350 532 1402 illis
548 1350 646 1418 tribus,
663 1366 734 1418 quae
751 1357 814 1403 ante
834 1352 903 1419 diri,
918 1353 999 1405 bene-

155 1432 295 1485 volentiae
317 1436 465 1502 praecepta
486 1430 639 1496 videamus,
659 1446 729 1498 quae
754 1430 868 1497 quidem
890 1432 1000 1501 capitur

155 1512 298 1567 beneficiis
310 1511 438 1577 maxime,
449 1510 572 1563 secundo
586 1514 679 1562 autem
689 1511 750 1563 loco
760 1512 905 1564 voluntate
918 1512 1000 1565 bene·

154 1596 208 1647 fica
223 1593 417 1646 benevolentia
431 1596 568 1659 movetur,
581 1590 667 1643 etiam
682 1590 706 1643 si
720 1606 763 1642 res
778 1590 849 1643 forte
864 1608 920 1645 non
936 1609 1000 1662 sup-

149 1675 235 1744 petit.
273 1674 460 1729 Vehementer
471 1677 564 1724 autem
581 1686 659 1723 amor
673 1672 864 1724 multitudinis
879 1689 1000 1725 eommo-

155 1762 238 1809 vetur
249 1754 312 1824 ipsa
323 1754 397 1807 sama
412 1759 441 1805 et
453 1752 587 1822 opinione
600 1752 782 1821 liberalitatis,
794 1753 999 1823 beneficentiae,
1034 1763 1049 1847 J

155 1836 288 1903 iustitiae,
296 1834 364 1888 fidei
376 1833 557 1900 omniumque
572 1848 665 1884 earum
678 1832 822 1897 virtutum,
834 1851 904 1901 quae
917 1835 1011 1922 perti-3

156 1922 225 1969 nent
239 1918 278 1970 ad
292 1914 538 1969 mansuetudinem
553 1929 663 1965 morum
681 1929 713 1965 ae
728 1913 899 1969 facilitatem.
935 1917 1000 1969 Ete-

155 1998 214 2050 nim
235 1997 308 2050 illud
328 1997 428 2066 ipsum,
448 1994 526 2062 quod
547 1994 697 2046 honestum
719 1993 905 2061 decorumque
931 1995 1000 2048 diei-

156 2094 227 2145 mus,
246 2076 313 2145 quia
336 2092 387 2146 per
410 2092 439 2127 se
464 2073 546 2126 nobis
570 2075 663 2143 placet
687 2072 850 2142 animosque
876 2076 1000 2128 omnium

156 2165 256 2210 natura
270 2163 299 2210 et
314 2156 406 2225 specie
421 2171 470 2207 sua
485 2158 643 2208 commovet
657 2153 832 2221 maximeque
849 2156 926 2229 quasi
939 2173 1000 2225 per-

156 2240 232 2291 lucet
246 2254 281 2290 ex
295 2236 344 2303 eia,
357 2252 427 2304 quas
441 2233 664 2302 commemoravi,
674 2234 833 2302 virtutibus,
847 2234 953 2288 idcireo
967 2236 999 2291 il·

157 2320 206 2385 los,
221 2318 252 2369 iu
270 2317 373 2385 quibus
392 2332 438 2369 eas
456 2315 575 2368 virtutes
594 2330 653 2367 esse
672 2330 770 2382 remur,
786 2332 803 2367 a
820 2321 920 2368 natura
938 2316 1000 2385 ipsa

157 2399 275 2467 diligere
290 2397 424 2467 cogimur.
450 2397 544 2463 Atque
556 2396 609 2447 hae
619 2394 734 2464 quidem
747 2411 845 2448 causae
860 2396 1000 2466 diligendi

157 2478 350 2549 gravissimae:
367 2482 485 2548 possunt
503 2476 578 2529 enim
595 2482 736 2545 praeterea
754 2493 811 2529 non
830 2478 923 2531 nullae
942 2495 1000 2532 esse

158 2561 281 2615 leviores.
320 2562 363 2613 33.
381 2558 468 2610 Fides
486 2562 580 2610 autem
594 2561 627 2609 ut
641 2558 778 2610 habeatur
794 2558 903 2610 duabus
918 2560 1000 2613 rebus

157 2642 228 2695 effici
237 2644 348 2710 potest:
366 2639 390 2692 si
402 2638 624 2691 existimabimur
636 2637 734 2708 adepti
747 2638 924 2700 coniunctam
937 2631 1016 2697 cuml'

157 2722 264 2775 iustitia
277 2720 465 2790 prudentiam.
502 2720 576 2772 Nam
589 2724 616 2773 et
629 2718 664 2771 iis
676 2720 762 2773 fidem
775 2720 919 2789 habemus,
931 2738 1017 2792 quos,

157 2804 221 2872 plus
238 2802 400 2870 intellegere
419 2816 504 2868 quam
518 2815 570 2851 nos
589 2798 756 2852 arbitramur
774 2816 898 2869 quosque
917 2807 946 2853 et
959 2801 1000 2853 fu·
1015 2806 1017 2829 ¹

158 2889 220 2935 tura
232 2880 390 2951 prospicere
405 2879 544 2932 credimus
558 2882 595 2947 et,
608 2894 671 2931 eum
687 2894 730 2931 res
745 2885 846 2949 agatur
860 2880 890 2932 in
905 2880 1000 2933 discri-
1050 2872 1052 2877 ’

157 2977 277 3029 menque
286 2964 401 3014 ventum
414 2959 459 3028 sit,
470 2958 602 3028 expedire
615 2975 673 3010 rem
686 2964 713 3011 et
726 2960 873 3012 consilium
887 2976 921 3012 ex
933 2964 1000 3013 tem·
1014 2986 1017 3012 l

157 3060 226 3113 pore
245 3057 343 3110 capere
361 3056 456 3110 posse:
480 3040 555 3091 hanc
575 3039 649 3091 enim
668 3039 766 3091 utilem
785 3039 912 3091 homines
931 3040 1016 3140 exis-¹

157 3124 261 3179 timent
278 3138 427 3189 veramque
445 3118 633 3190 prudentiam.
678 3118 763 3171 Iustis
781 3123 874 3170 autem
893 3124 922 3171 et
937 3120 1017 3184 fidisq
