2242 3542
337 152 408 202 LlB.
423 151 473 214 rt,
488 151 567 203 CAP.
583 153 621 203 II.
638 154 701 215 IlI.,
717 152 732 213 ξ
746 156 819 203 5-11.
955 158 1001 204 119

159 235 227 290 bilia
250 234 323 287 mihi
342 226 501 304 videantur,
520 234 607 304 sequi,
627 252 698 304 quae
722 240 827 303 contra,
845 235 1002 305 improbare

156 324 244 387 atque
261 316 429 369 adfirmandi
447 306 643 386 adrogantiam
657 317 793 369 vitantem
807 316 904 386 fugere
918 321 1000 371 teme·

158 397 278 464 ritatem,
296 412 367 464 quae
386 413 403 449 a
423 397 559 466 sapientia
580 396 699 451 dissidet
717 398 888 467 plurimuml
932 400 1002 452 Oon-

54 523 58 526 .
157 484 202 535 tra
214 484 308 532 autem
319 478 412 531 omnia
423 479 584 548 disputatur
599 496 615 531 a
630 479 738 547 nostris,
752 480 829 547 quod
843 480 897 532 hoc
908 479 999 549 ipsum

157 559 305 630 probabile
329 560 437 612 elucere
458 576 515 611 non
536 560 634 628 possit,
651 558 707 611 nisi
727 576 763 611 ex
784 565 901 628 utraque
922 566 1002 629 parte

158 657 307 696 causarum
325 644 396 693 esset
410 640 484 693 facta
503 640 654 694 contentio.
693 640 749 693 Sed
763 640 833 693 haec
852 642 1001 710 explanata

157 728 224 779 sunt
247 722 277 774 in
301 721 481 773 Academicis
506 720 609 773 nostris
636 721 711 789 satis,
732 724 764 773 ut
788 720 916 790 arbitror,
938 722 1001 775 dili·

158 807 262 873 genter.
299 802 365 854 Tibi
386 806 487 869 autem,
504 802 544 853 mi
564 802 667 869 Cicero,
685 818 856 870 quamquam
877 802 907 853 in
921 800 1001 855 ¹anti·
1082 860 1084 863 ,

158 883 291 951 quissima
303 882 531 951 nobilissimaque
543 883 725 952 philosophia
739 884 873 953 Cratippo
887 888 999 936 auctore

158 964 275 1017 versaris
296 964 331 1016 iis
352 964 503 1031 simillimo,
519 964 569 1031 qui
587 964 641 1016 ista
663 966 803 1034 praeclara
825 968 1000 1033 pepererunt,

158 1049 251 1097 tamen
268 1046 338 1097 baec
356 1051 451 1097 nostra
469 1044 588 1097 finitima
603 1045 701 1097 vestris
720 1045 818 1114 ignota
837 1061 895 1098 esse
914 1044 999 1098 nolui.

160 1126 217 1179 Sed
228 1126 286 1178 iam
298 1127 336 1178 ad
347 1126 478 1179 instituta
489 1141 646 1195 pergamus.

193 1208 243 1261 111.
281 1210 305 1261 9.
325 1208 454 1275 Quinque
468 1206 557 1276 igitur
571 1207 727 1261 rationibus
741 1206 895 1277 propositis
914 1206 1000 1259 officii

156 1287 350 1356 persequendi,
367 1304 485 1355 quarum
506 1288 578 1340 duae
603 1288 641 1341 ad
661 1288 746 1340 decus
770 1289 999 1356 honestatemque

157 1367 335 1436 pertinerent,
358 1369 431 1420 duae
459 1368 496 1420 ad
523 1363 671 1421 commoda
696 1368 778 1435 vitae,
800 1368 902 1437 copias,
924 1384 998 1437 opes,

156 1448 311 1513 facultates,
324 1448 423 1515 quinta
438 1449 475 1500 ad
490 1448 615 1517 eligendi
629 1447 774 1514 iudicium,
789 1448 813 1500 si
828 1450 942 1515 quando
958 1465 997 1517 ea,

157 1545 228 1597 quae
241 1528 311 1595 dixi,
323 1545 447 1598 pugnare
459 1528 533 1581 inter
545 1545 573 1581 se
586 1529 755 1595 viderentur,
769 1528 923 1581 honestatis
935 1546 999 1597 pars

156 1608 283 1661 confecta
295 1616 344 1677 ast,
357 1626 441 1677 quam
455 1610 569 1677 quidem
582 1610 636 1662 tibi
649 1610 731 1679 cupio
745 1626 802 1663 esse
815 1610 996 1666 notissimam.

156 1691 220 1742 Hoc
238 1695 338 1754 autem,
352 1692 388 1763 de
407 1706 463 1758 quo
479 1706 553 1742 nunc
573 1690 690 1759 agimus,
705 1691 736 1743 id
751 1690 842 1759 ipsum
858 1697 906 1758 est,
921 1694 998 1759 quod

156 1771 225 1823 utile
240 1772 405 1840 appellatur.
442 1771 476 1823 In
492 1787 547 1837 quo
562 1772 647 1824 verbo
664 1773 741 1841 lapsa
760 1775 933 1825 consuetudo
952 1775 999 1826 dc-

156 1851 235 1903 flexit
247 1854 284 1903 de
297 1852 343 1903 via
358 1851 515 1919 sensimque
531 1868 564 1904 eo
581 1852 702 1905 deducta
715 1857 764 1920 est,
778 1860 809 1905 ut
822 1854 998 1907 honestatem

156 1933 192 1985 ab
207 1932 329 1985 utilitate
349 1948 492 1984 secernens
511 1932 692 1985 constitueret
707 1949 765 1985 esse
784 1933 931 1985 honestum
950 1935 998 1986 ali-

156 2013 224 2081 quid
239 2013 318 2080 quod
327 2012 396 2064 utile
408 2028 466 2063 non
478 2018 549 2065 esset
562 2018 590 2065 et
599 2013 668 2065 utile
681 2014 759 2079 quod
771 2030 827 2065 non
841 2015 997 2081 honestum,

155 2110 213 2161 qua
230 2095 307 2146 nulla
325 2093 460 2163 pernicies
478 2094 567 2145 maior
585 2094 729 2146 hominum
745 2094 820 2147 vitae
838 2094 932 2163 potuit
951 2096 998 2148 ad·

155 2176 228 2229 ferri.
268 2177 308 2227 10.
329 2176 442 2227 Summa
461 2174 576 2242 quidem
594 2174 758 2227 auctoritate
777 2176 940 2246 philosophi
959 2193 998 2229 se-

155 2273 218 2311 vere
233 2272 299 2309 sanc
317 2260 401 2323 atque
416 2256 532 2307 honeste
547 2256 616 2308 haec
631 2256 684 2308 tria
699 2272 800 2326 genera
819 2256 935 2311 confusa
954 2274 997 2311 co-

155 2336 294 2407 gitatione
308 2336 496 2405 distinguunt.
534 2336 682 2407 Quidquid
698 2338 772 2389 enim
786 2338 892 2390 iustum
908 2339 951 2407 sit,
966 2339 1010 2395 id’t

155 2418 241 2470 etiam
265 2417 333 2469 utile
360 2433 419 2468 esse
446 2422 568 2483 censent,
590 2417 713 2486 itemque
739 2418 815 2486 quod
839 2419 1008 2487 honestum,

154 2498 231 2551 idem
244 2497 365 2550 iustum:
385 2513 419 2549 ex
435 2513 491 2564 quo
507 2496 626 2550 efficitur
640 2502 680 2566 ut,
694 2498 834 2566 quidquid
847 2498 1009 2558 honestuml

155 2578 200 2643 sit,
214 2578 290 2630 idem
312 2577 348 2629 sit
370 2578 447 2629 utile.
485 2577 570 2642 Quod
592 2578 641 2645 qui
659 2595 758 2647 parum
779 2581 960 2649 perspiciunt,
976 2577 1010 2632 fi)

154 2675 236 2727 saepe
255 2664 381 2710 versutos
400 2657 527 2709 homines
546 2663 574 2711 et
595 2659 711 2711 callidos
732 2660 900 2713 admirantes
919 2661 995 2713 mali-

154 2739 224 2791 tiam
243 2738 408 2807 sapientiam
427 2738 562 2792 iudicant.
600 2739 724 2804 Quorum
745 2755 819 2791 error
839 2741 996 2810 eripiendus

154 2824 197 2871 est
211 2819 362 2889 opinioque
377 2818 468 2871 omnis
484 2820 522 2871 ad
539 2835 600 2870 eam
615 2835 692 2888 spem
707 2820 888 2887 traducenda,
902 2826 933 2873 ut
948 2822 997 2872 ho-

154 2899 241 2951 nestis
253 2899 375 2952 consiliis
387 2898 524 2966 iustisque
536 2899 618 2951 factis
630 2916 686 2951 non
699 2898 797 2953 fraude
810 2906 837 2953 et
850 2901 955 2953 malitia
968 2917 995 2952 se

154 2979 320 3048 intellegant
334 2996 375 3045 ea,
388 2996 459 3048 quae
473 2979 568 3046 velint,
583 2980 714 3047 consequi
728 2997 818 3049 posse.
857 2982 898 3033 11.
919 2980 996 3045 Quae

154 3076 221 3128 ergo
242 3059 387 3112 advitam
408 3060 554 3112 hominum
576 3060 710 3111 tuendam
730 3061 877 3129 pertinent,
895 3060 995 3127 partim

153 3144 221 3195 eunt
240 3139 371 3208 inanima,
387 3144 420 3193 ut
440 3155 548 3208 aurum,
563 3144 718 3211 argentum,
734 3144 766 3193 ut
787 3155 827 3206 ea,
843 3154 914 3207 quae
935 3138 995 3209 gig·
