<?xml version="1.0" encoding="UTF-8"?>
<!DOCTYPE html PUBLIC "-//W3C//DTD XHTML 1.0 Transitional//EN"
    "http://www.w3.org/TR/xhtml1/DTD/xhtml1-transitional.dtd">
<html xmlns="http://www.w3.org/1999/xhtml" xml:lang="en" lang="en">
 <head>
  <title>
</title>
<meta http-equiv="Content-Type" content="text/html;charset=utf-8" />
  <meta name='ocr-system' content='tesseract 3.04.00' />
  <meta name='ocr-capabilities' content='ocr_page ocr_carea ocr_par ocr_line ocrx_word'/>
</head>
<body>
  <div class='ocr_page' id='page_1' title='image "./catomajorsivede01longgoog_0176.png"; bbox 0 0 2242 3542; ppageno 0'>
   <div class='ocr_carea' id='block_1_1' title="bbox 308 189 1011 251">
    <p class='ocr_par' dir='ltr' id='par_1_1' title="bbox 308 189 1011 251">
     <span class='ocr_line' id='line_1_1' title="bbox 308 189 1011 251; baseline 0.007 -12"><span class='ocrx_word' id='word_1_1' title='bbox 308 189 376 241; x_wconf 80' lang='lat' dir='ltr'>cre.</span> <span class='ocrx_word' id='word_1_2' title='bbox 393 190 456 251; x_wconf 72' lang='lat'>111,</span> <span class='ocrx_word' id='word_1_3' title='bbox 473 190 552 239; x_wconf 71' lang='lat' dir='ltr'>cer.</span> <span class='ocrx_word' id='word_1_4' title='bbox 569 189 738 251; x_wconf 74' lang='lat' dir='ltr'>xri-mv,</span> <span class='ocrx_word' id='word_1_5' title='bbox 755 189 769 250; x_wconf 73' lang='lat' dir='ltr'>s</span> <span class='ocrx_word' id='word_1_6' title='bbox 785 194 874 251; x_wconf 78' lang='lat' dir='ltr'>aa-as.</span> <span class='ocrx_word' id='word_1_7' title='bbox 966 196 1011 245; x_wconf 82' lang='lat' dir='ltr'>rer</span> 
     </span>
    </p>
   </div>
   <div class='ocr_carea' id='block_1_2' title="bbox 100 272 1015 3252">
    <p class='ocr_par' dir='ltr' id='par_1_2' title="bbox 100 272 1015 3252">
     <span class='ocr_line' id='line_1_2' title="bbox 170 272 1013 341; baseline 0.001 -13"><span class='ocrx_word' id='word_1_8' title='bbox 170 274 319 329; x_wconf 83' lang='lat' dir='ltr'>aedificata</span> <span class='ocrx_word' id='word_1_9' title='bbox 335 274 449 340; x_wconf 80' lang='lat' dir='ltr'>rat-ione,</span> <span class='ocrx_word' id='word_1_10' title='bbox 462 275 552 326; x_wconf 88' lang='lat' dir='ltr'>multo</span> <span class='ocrx_word' id='word_1_11' title='bbox 572 272 664 326; x_wconf 88' lang='lat' dir='ltr'>miuus</span> <span class='ocrx_word' id='word_1_12' title='bbox 680 274 730 341; x_wconf 91' lang='lat' dir='ltr'>qui</span> <span class='ocrx_word' id='word_1_13' title='bbox 748 274 864 327; x_wconf 85' lang='lat' dir='ltr'>domum</span> <span class='ocrx_word' id='word_1_14' title='bbox 883 276 1013 330; x_wconf 66' lang='lat' dir='ltr'>non&#39;lau-</span> 
     </span>
     <span class='ocr_line' id='line_1_3' title="bbox 172 353 1014 423; baseline 0.002 -15"><span class='ocrx_word' id='word_1_15' title='bbox 172 356 283 411; x_wconf 86' lang='lat' dir='ltr'>darunt.</span> <span class='ocrx_word' id='word_1_16' title='bbox 320 355 377 408; x_wconf 91' lang='lat' dir='ltr'>Ubi</span> <span class='ocrx_word' id='word_1_17' title='bbox 400 353 474 406; x_wconf 90' lang='lat' dir='ltr'>enim</span> <span class='ocrx_word' id='word_1_18' title='bbox 496 353 635 407; x_wconf 86' lang='lat' dir='ltr'>iudicium</span> <span class='ocrx_word' id='word_1_19' title='bbox 657 355 791 423; x_wconf 86' lang='lat' dir='ltr'>emptoris</span> <span class='ocrx_word' id='word_1_20' title='bbox 813 361 861 423; x_wconf 90' lang='lat' dir='ltr'>est,</span> <span class='ocrx_word' id='word_1_21' title='bbox 878 356 920 409; x_wconf 92' lang='lat' dir='ltr'>ibi</span> <span class='ocrx_word' id='word_1_22' title='bbox 939 356 1014 410; x_wconf 83' lang='lat' dir='ltr'>fraus</span> 
     </span>
     <span class='ocr_line' id='line_1_4' title="bbox 171 434 1014 504; baseline 0.006 -18"><span class='ocrx_word' id='word_1_23' title='bbox 171 436 327 489; x_wconf 87' lang='lat' dir='ltr'>venditoris</span> <span class='ocrx_word' id='word_1_24' title='bbox 341 452 412 504; x_wconf 88' lang='lat' dir='ltr'>quae</span> <span class='ocrx_word' id='word_1_25' title='bbox 426 439 520 503; x_wconf 85' lang='lat' dir='ltr'>potest</span> <span class='ocrx_word' id='word_1_26' title='bbox 537 436 614 488; x_wconf 82' lang='lat' dir='ltr'>essel</span> <span class='ocrx_word' id='word_1_27' title='bbox 651 434 701 487; x_wconf 78' lang='lat' dir='ltr'>Sin</span> <span class='ocrx_word' id='word_1_28' title='bbox 719 440 813 489; x_wconf 87' lang='lat' dir='ltr'>autem</span> <span class='ocrx_word' id='word_1_29' title='bbox 831 438 939 491; x_wconf 88' lang='lat' dir='ltr'>dictum</span> <span class='ocrx_word' id='word_1_30' title='bbox 957 455 1014 491; x_wconf 89' lang='lat' dir='ltr'>non</span> 
     </span>
     <span class='ocr_line' id='line_1_5' title="bbox 171 516 1014 589; baseline 0.004 -20"><span class='ocrx_word' id='word_1_31' title='bbox 171 534 253 570; x_wconf 91' lang='lat' dir='ltr'>omne</span> <span class='ocrx_word' id='word_1_32' title='bbox 267 517 467 586; x_wconf 86' lang='lat' dir='ltr'>praestandum</span> <span class='ocrx_word' id='word_1_33' title='bbox 481 520 531 583; x_wconf 90' lang='lat' dir='ltr'>est,</span> <span class='ocrx_word' id='word_1_34' title='bbox 545 516 623 584; x_wconf 89' lang='lat' dir='ltr'>quod</span> <span class='ocrx_word' id='word_1_35' title='bbox 637 517 745 569; x_wconf 88' lang='lat' dir='ltr'>dictum</span> <span class='ocrx_word' id='word_1_36' title='bbox 760 533 817 569; x_wconf 88' lang='lat' dir='ltr'>non</span> <span class='ocrx_word' id='word_1_37' title='bbox 832 524 881 585; x_wconf 86' lang='lat' dir='ltr'>est,</span> <span class='ocrx_word' id='word_1_38' title='bbox 892 519 923 571; x_wconf 89' lang='lat' dir='ltr'>id</span> <span class='ocrx_word' id='word_1_39' title='bbox 936 536 1014 589; x_wconf 86' lang='lat' dir='ltr'>prae-</span> 
     </span>
     <span class='ocr_line' id='line_1_6' title="bbox 100 597 1014 666; baseline 0.004 -17"><span class='ocrx_word' id='word_1_40' title='bbox 100 620 104 627; x_wconf 89' lang='lat'><strong>·</strong></span> <span class='ocrx_word' id='word_1_41' title='bbox 171 600 303 654; x_wconf 86' lang='lat' dir='ltr'>standum</span> <span class='ocrx_word' id='word_1_42' title='bbox 325 599 426 666; x_wconf 82' lang='lat' dir='ltr'>putesl</span> <span class='ocrx_word' id='word_1_43' title='bbox 463 597 626 662; x_wconf 12' lang='lat' dir='ltr'>Quidvvero</span> <span class='ocrx_word' id='word_1_44' title='bbox 648 602 690 649; x_wconf 91' lang='lat' dir='ltr'>est</span> <span class='ocrx_word' id='word_1_45' title='bbox 711 598 824 650; x_wconf 88' lang='lat' dir='ltr'>stultius</span> <span class='ocrx_word' id='word_1_46' title='bbox 844 615 929 666; x_wconf 85' lang='lat' dir='ltr'>quam</span> <span class='ocrx_word' id='word_1_47' title='bbox 949 616 1014 655; x_wconf 83' lang='lat' dir='ltr'>veu-</span> 
     </span>
     <span class='ocr_line' id='line_1_7' title="bbox 172 676 1015 747; baseline 0.002 -16"><span class='ocrx_word' id='word_1_48' title='bbox 172 678 292 731; x_wconf 80' lang='lat' dir='ltr'>tlitorem</span> <span class='ocrx_word' id='word_1_49' title='bbox 310 679 370 731; x_wconf 91' lang='lat' dir='ltr'>eius</span> <span class='ocrx_word' id='word_1_50' title='bbox 388 677 435 743; x_wconf 84' lang='lat' dir='ltr'>rei,</span> <span class='ocrx_word' id='word_1_51' title='bbox 449 693 534 745; x_wconf 87' lang='lat' dir='ltr'>quarn</span> <span class='ocrx_word' id='word_1_52' title='bbox 552 678 667 744; x_wconf 86' lang='lat' dir='ltr'>vendat,</span> <span class='ocrx_word' id='word_1_53' title='bbox 680 676 750 731; x_wconf 89' lang='lat' dir='ltr'>vitia</span> <span class='ocrx_word' id='word_1_54' title='bbox 771 682 901 733; x_wconf 73' lang='lat' dir='ltr'>narraret</span> <span class='ocrx_word' id='word_1_55' title='bbox 938 680 1015 747; x_wconf 80' lang='lat' dir='ltr'>Quid</span> 
     </span>
     <span class='ocr_line' id='line_1_8' title="bbox 171 757 1015 829; baseline 0 -16"><span class='ocrx_word' id='word_1_56' title='bbox 171 765 265 813; x_wconf 88' lang='lat' dir='ltr'>autem</span> <span class='ocrx_word' id='word_1_57' title='bbox 276 765 335 813; x_wconf 87' lang='lat' dir='ltr'>tam</span> <span class='ocrx_word' id='word_1_58' title='bbox 350 758 502 814; x_wconf 89' lang='lat' dir='ltr'>absurdum</span> <span class='ocrx_word' id='word_1_59' title='bbox 514 774 599 825; x_wconf 90' lang='lat' dir='ltr'>quam</span> <span class='ocrx_word' id='word_1_60' title='bbox 612 757 636 809; x_wconf 91' lang='lat' dir='ltr'>si</span> <span class='ocrx_word' id='word_1_61' title='bbox 649 758 756 813; x_wconf 86' lang='lat' dir='ltr'>domini</span> <span class='ocrx_word' id='word_1_62' title='bbox 769 758 846 812; x_wconf 90' lang='lat' dir='ltr'>iussu</span> <span class='ocrx_word' id='word_1_63' title='bbox 861 760 901 812; x_wconf 85' lang='lat' dir='ltr'>ita</span> <span class='ocrx_word' id='word_1_64' title='bbox 913 776 1015 829; x_wconf 87' lang='lat' dir='ltr'>praeco</span> 
     </span>
     <span class='ocr_line' id='line_1_9' title="bbox 118 839 1014 909; baseline 0 -16"><span class='ocrx_word' id='word_1_65' title='bbox 118 854 119 857; x_wconf 74' lang='grc'>’</span> <span class='ocrx_word' id='word_1_66' title='bbox 170 841 329 909; x_wconf 89' lang='lat' dir='ltr'>praedicet:</span> <span class='ocrx_word' id='word_1_67' title='bbox 356 839 498 891; x_wconf 86' lang='lat' dir='ltr'>“domum</span> <span class='ocrx_word' id='word_1_68' title='bbox 528 839 705 907; x_wconf 79' lang='lat' dir='ltr'><strong>pestilentem</strong></span> <span class='ocrx_word' id='word_1_69' title='bbox 733 840 862 893; x_wconf 83' lang='lat' dir='ltr'>vendol”</span> <span class='ocrx_word' id='word_1_70' title='bbox 899 844 941 894; x_wconf 82' lang='grc'>56.</span> <span class='ocrx_word' id='word_1_71' title='bbox 969 842 1014 893; x_wconf 84' lang='lat' dir='ltr'>Sic</span> 
     </span>
     <span class='ocr_line' id='line_1_10' title="bbox 171 918 1015 990; baseline 0 -17"><span class='ocrx_word' id='word_1_72' title='bbox 171 936 237 990; x_wconf 86' lang='lat' dir='ltr'>ergo</span> <span class='ocrx_word' id='word_1_73' title='bbox 256 920 286 973; x_wconf 92' lang='lat' dir='ltr'>in</span> <span class='ocrx_word' id='word_1_74' title='bbox 301 920 470 987; x_wconf 82' lang='lat' dir='ltr'>quibusdem</span> <span class='ocrx_word' id='word_1_75' title='bbox 490 918 581 970; x_wconf 89' lang='lat' dir='ltr'>causis</span> <span class='ocrx_word' id='word_1_76' title='bbox 599 919 693 971; x_wconf 86' lang='lat' dir='ltr'>dubiis</span> <span class='ocrx_word' id='word_1_77' title='bbox 712 935 746 971; x_wconf 89' lang='lat' dir='ltr'>ex</span> <span class='ocrx_word' id='word_1_78' title='bbox 766 921 851 972; x_wconf 85' lang='lat' dir='ltr'>alteru</span> <span class='ocrx_word' id='word_1_79' title='bbox 870 926 949 989; x_wconf 87' lang='lat' dir='ltr'>parte</span> <span class='ocrx_word' id='word_1_80' title='bbox 968 921 1015 973; x_wconf 88' lang='lat' dir='ltr'>de·</span> 
     </span>
     <span class='ocr_line' id='line_1_11' title="bbox 170 1000 1014 1071; baseline -0.001 -17"><span class='ocrx_word' id='word_1_81' title='bbox 170 1000 297 1054; x_wconf 87' lang='lat' dir='ltr'>fenditur</span> <span class='ocrx_word' id='word_1_82' title='bbox 309 1002 449 1067; x_wconf 87' lang='lat' dir='ltr'>honestas,</span> <span class='ocrx_word' id='word_1_83' title='bbox 462 1016 497 1052; x_wconf 85' lang='lat' dir='ltr'>ex</span> <span class='ocrx_word' id='word_1_84' title='bbox 512 1000 599 1052; x_wconf 87' lang='lat' dir='ltr'>altera</span> <span class='ocrx_word' id='word_1_85' title='bbox 613 1000 653 1052; x_wconf 85' lang='lat' dir='ltr'>ite</span> <span class='ocrx_word' id='word_1_86' title='bbox 669 1000 704 1052; x_wconf 88' lang='lat' dir='ltr'>de</span> <span class='ocrx_word' id='word_1_87' title='bbox 720 1000 842 1053; x_wconf 86' lang='lat' dir='ltr'>utilitate</span> <span class='ocrx_word' id='word_1_88' title='bbox 858 1001 969 1071; x_wconf 87' lang='lat' dir='ltr'>dieitur,</span> <span class='ocrx_word' id='word_1_89' title='bbox 983 1006 1014 1054; x_wconf 89' lang='lat' dir='ltr'>ut</span> 
     </span>
     <span class='ocr_line' id='line_1_12' title="bbox 170 1080 1014 1150; baseline -0.001 -16"><span class='ocrx_word' id='word_1_90' title='bbox 170 1082 210 1148; x_wconf 87' lang='lat' dir='ltr'>id,</span> <span class='ocrx_word' id='word_1_91' title='bbox 221 1083 299 1150; x_wconf 88' lang='lat' dir='ltr'>quod</span> <span class='ocrx_word' id='word_1_92' title='bbox 311 1081 381 1137; x_wconf 90' lang='lat' dir='ltr'>utile</span> <span class='ocrx_word' id='word_1_93' title='bbox 392 1081 529 1147; x_wconf 85' lang='lat' dir='ltr'>videatur,</span> <span class='ocrx_word' id='word_1_94' title='bbox 539 1097 596 1133; x_wconf 92' lang='lat' dir='ltr'>non</span> <span class='ocrx_word' id='word_1_95' title='bbox 608 1080 693 1133; x_wconf 89' lang='lat' dir='ltr'>modo</span> <span class='ocrx_word' id='word_1_96' title='bbox 706 1080 795 1135; x_wconf 79' lang='lat' dir='ltr'>fucere</span> <span class='ocrx_word' id='word_1_97' title='bbox 808 1082 956 1135; x_wconf 89' lang='lat' dir='ltr'>honestum</span> <span class='ocrx_word' id='word_1_98' title='bbox 969 1082 1014 1149; x_wconf 91' lang='lat' dir='ltr'>sit,</span> 
     </span>
     <span class='ocr_line' id='line_1_13' title="bbox 171 1162 1015 1230; baseline -0.001 -14"><span class='ocrx_word' id='word_1_99' title='bbox 171 1166 221 1216; x_wconf 74' lang='lat' dir='ltr'>secl</span> <span class='ocrx_word' id='word_1_100' title='bbox 235 1163 321 1217; x_wconf 87' lang='lat' dir='ltr'>etiam</span> <span class='ocrx_word' id='word_1_101' title='bbox 334 1162 493 1215; x_wconf 85' lang='lat' dir='ltr'>nonfacere</span> <span class='ocrx_word' id='word_1_102' title='bbox 506 1166 596 1230; x_wconf 89' lang='lat' dir='ltr'>turpe.</span> <span class='ocrx_word' id='word_1_103' title='bbox 633 1163 710 1215; x_wconf 88' lang='lat' dir='ltr'>Haec</span> <span class='ocrx_word' id='word_1_104' title='bbox 727 1167 768 1215; x_wconf 91' lang='lat' dir='ltr'>est</span> <span class='ocrx_word' id='word_1_105' title='bbox 782 1162 839 1229; x_wconf 88' lang='lat' dir='ltr'>illa,</span> <span class='ocrx_word' id='word_1_106' title='bbox 853 1179 924 1229; x_wconf 89' lang='lat' dir='ltr'>quae</span> <span class='ocrx_word' id='word_1_107' title='bbox 937 1162 1015 1215; x_wconf 78' lang='lat' dir='ltr'>virle-</span> 
     </span>
     <span class='ocr_line' id='line_1_14' title="bbox 170 1242 1013 1311; baseline -0.001 -14"><span class='ocrx_word' id='word_1_108' title='bbox 170 1251 217 1297; x_wconf 91' lang='lat' dir='ltr'>tur</span> <span class='ocrx_word' id='word_1_109' title='bbox 232 1244 344 1297; x_wconf 88' lang='lat' dir='ltr'>utilium</span> <span class='ocrx_word' id='word_1_110' title='bbox 358 1242 419 1295; x_wconf 87' lang='lat' dir='ltr'>fieri</span> <span class='ocrx_word' id='word_1_111' title='bbox 433 1259 497 1295; x_wconf 92' lang='lat' dir='ltr'>cum</span> <span class='ocrx_word' id='word_1_112' title='bbox 511 1242 638 1295; x_wconf 81' lang='lat' dir='ltr'>honestis</span> <span class='ocrx_word' id='word_1_113' title='bbox 656 1258 738 1311; x_wconf 81' lang='lat' dir='ltr'>saepe</span> <span class='ocrx_word' id='word_1_114' title='bbox 755 1242 899 1297; x_wconf 83' lang='lat' dir='ltr'>dissensio.</span> <span class='ocrx_word' id='word_1_115' title='bbox 937 1244 1013 1310; x_wconf 85' lang='lat' dir='ltr'>Quae</span> 
     </span>
     <span class='ocr_line' id='line_1_15' title="bbox 170 1323 1014 1393; baseline -0.004 -15"><span class='ocrx_word' id='word_1_116' title='bbox 170 1326 356 1379; x_wconf 83' lang='lat' dir='ltr'>diiudicanda</span> <span class='ocrx_word' id='word_1_117' title='bbox 371 1329 452 1377; x_wconf 90' lang='lat' dir='ltr'>suut:</span> <span class='ocrx_word' id='word_1_118' title='bbox 472 1340 529 1375; x_wconf 92' lang='lat' dir='ltr'>non</span> <span class='ocrx_word' id='word_1_119' title='bbox 544 1323 627 1390; x_wconf 88' lang='lat' dir='ltr'>enim,</span> <span class='ocrx_word' id='word_1_120' title='bbox 640 1327 671 1375; x_wconf 89' lang='lat' dir='ltr'>ut</span> <span class='ocrx_word' id='word_1_121' title='bbox 684 1339 884 1391; x_wconf 82' lang='lat' dir='ltr'>quaereremus,</span> <span class='ocrx_word' id='word_1_122' title='bbox 897 1340 1014 1393; x_wconf 83' lang='lat' dir='ltr'>exposu-</span> 
     </span>
     <span class='ocr_line' id='line_1_16' title="bbox 170 1403 1014 1474; baseline -0.005 -15"><span class='ocrx_word' id='word_1_123' title='bbox 170 1407 251 1474; x_wconf 84' lang='lat' dir='ltr'>imus,</span> <span class='ocrx_word' id='word_1_124' title='bbox 271 1407 322 1458; x_wconf 90' lang='lat' dir='ltr'>sed</span> <span class='ocrx_word' id='word_1_125' title='bbox 343 1411 376 1458; x_wconf 88' lang='lat' dir='ltr'>ut</span> <span class='ocrx_word' id='word_1_126' title='bbox 396 1404 607 1473; x_wconf 83' lang='lat' dir='ltr'>explicaremus.</span> <span class='ocrx_word' id='word_1_127' title='bbox 645 1406 687 1455; x_wconf 78' lang='lat'>57.</span> <span class='ocrx_word' id='word_1_128' title='bbox 707 1404 773 1455; x_wconf 88' lang='lat' dir='ltr'>Non</span> <span class='ocrx_word' id='word_1_129' title='bbox 794 1403 883 1472; x_wconf 83' lang='lat' dir='ltr'>igitur</span> <span class='ocrx_word' id='word_1_130' title='bbox 902 1403 1014 1456; x_wconf 84' lang='lat' dir='ltr'>videtur</span> 
     </span>
     <span class='ocr_line' id='line_1_17' title="bbox 170 1483 1013 1539; baseline -0.005 1"><span class='ocrx_word' id='word_1_131' title='bbox 170 1504 221 1539; x_wconf 86' lang='lat' dir='ltr'>uec</span> <span class='ocrx_word' id='word_1_132' title='bbox 236 1485 434 1539; x_wconf 81' lang='lat' dir='ltr'>frumentarius</span> <span class='ocrx_word' id='word_1_133' title='bbox 451 1484 499 1536; x_wconf 91' lang='lat' dir='ltr'>ille</span> <span class='ocrx_word' id='word_1_134' title='bbox 514 1484 643 1536; x_wconf 84' lang='lat' dir='ltr'>Rhodios</span> <span class='ocrx_word' id='word_1_135' title='bbox 662 1499 713 1535; x_wconf 90' lang='lat' dir='ltr'>nec</span> <span class='ocrx_word' id='word_1_136' title='bbox 727 1483 775 1536; x_wconf 93' lang='lat' dir='ltr'>hic</span> <span class='ocrx_word' id='word_1_137' title='bbox 790 1483 903 1537; x_wconf 87' lang='lat' dir='ltr'>aedium</span> <span class='ocrx_word' id='word_1_138' title='bbox 918 1484 1013 1537; x_wconf 84' lang='lat' dir='ltr'>vendi-</span> 
     </span>
     <span class='ocr_line' id='line_1_18' title="bbox 170 1564 1013 1634; baseline -0.001 -15"><span class='ocrx_word' id='word_1_139' title='bbox 170 1573 215 1619; x_wconf 89' lang='lat' dir='ltr'>tor</span> <span class='ocrx_word' id='word_1_140' title='bbox 229 1568 318 1619; x_wconf 84' lang='lat' dir='ltr'>celare</span> <span class='ocrx_word' id='word_1_141' title='bbox 335 1570 474 1634; x_wconf 85' lang='lat' dir='ltr'>emptores</span> <span class='ocrx_word' id='word_1_142' title='bbox 489 1564 626 1617; x_wconf 87' lang='lat' dir='ltr'>debuisse.</span> <span class='ocrx_word' id='word_1_143' title='bbox 665 1565 764 1631; x_wconf 84' lang='lat' dir='ltr'>Neque</span> <span class='ocrx_word' id='word_1_144' title='bbox 779 1564 854 1617; x_wconf 88' lang='lat' dir='ltr'>enim</span> <span class='ocrx_word' id='word_1_145' title='bbox 869 1564 901 1618; x_wconf 90' lang='lat' dir='ltr'>id</span> <span class='ocrx_word' id='word_1_146' title='bbox 915 1570 958 1618; x_wconf 87' lang='lat' dir='ltr'>est</span> <span class='ocrx_word' id='word_1_147' title='bbox 972 1581 1013 1619; x_wconf 88' lang='lat' dir='ltr'>ee·</span> 
     </span>
     <span class='ocr_line' id='line_1_19' title="bbox 170 1644 1014 1716; baseline -0.006 -15"><span class='ocrx_word' id='word_1_148' title='bbox 170 1649 235 1716; x_wconf 87' lang='lat' dir='ltr'>lere,</span> <span class='ocrx_word' id='word_1_149' title='bbox 248 1646 389 1716; x_wconf 90' lang='lat' dir='ltr'>quidquid</span> <span class='ocrx_word' id='word_1_150' title='bbox 404 1646 527 1711; x_wconf 84' lang='lat' dir='ltr'>reticens,</span> <span class='ocrx_word' id='word_1_151' title='bbox 539 1644 591 1697; x_wconf 90' lang='lat' dir='ltr'>sed</span> <span class='ocrx_word' id='word_1_152' title='bbox 606 1660 676 1712; x_wconf 90' lang='lat' dir='ltr'>cum,</span> <span class='ocrx_word' id='word_1_153' title='bbox 691 1645 769 1713; x_wconf 89' lang='lat' dir='ltr'>quod</span> <span class='ocrx_word' id='word_1_154' title='bbox 783 1651 815 1697; x_wconf 93' lang='lat' dir='ltr'>tu</span> <span class='ocrx_word' id='word_1_155' title='bbox 830 1645 908 1711; x_wconf 84' lang='lat' dir='ltr'>seins,</span> <span class='ocrx_word' id='word_1_156' title='bbox 922 1646 954 1698; x_wconf 72' lang='lat' dir='ltr'>iel</span> <span class='ocrx_word' id='word_1_157' title='bbox 973 1646 1014 1715; x_wconf 84' lang='lat' dir='ltr'>ig·</span> 
     </span>
     <span class='ocr_line' id='line_1_20' title="bbox 170 1725 1013 1794; baseline -0.002 -13"><span class='ocrx_word' id='word_1_158' title='bbox 170 1744 267 1781; x_wconf 82' lang='lat' dir='ltr'>norare</span> <span class='ocrx_word' id='word_1_159' title='bbox 280 1725 461 1781; x_wconf 89' lang='lat' dir='ltr'>emolumenti</span> <span class='ocrx_word' id='word_1_160' title='bbox 473 1725 516 1778; x_wconf 90' lang='lat' dir='ltr'>tui</span> <span class='ocrx_word' id='word_1_161' title='bbox 529 1741 612 1777; x_wconf 86' lang='lat' dir='ltr'>eausa</span> <span class='ocrx_word' id='word_1_162' title='bbox 622 1725 692 1779; x_wconf 86' lang='lat' dir='ltr'>velis</span> <span class='ocrx_word' id='word_1_163' title='bbox 705 1742 760 1793; x_wconf 90' lang='lat' dir='ltr'>eos,</span> <span class='ocrx_word' id='word_1_164' title='bbox 772 1742 892 1794; x_wconf 88' lang='lat' dir='ltr'>quorum</span> <span class='ocrx_word' id='word_1_165' title='bbox 904 1726 1013 1779; x_wconf 90' lang='lat' dir='ltr'>intersit</span> 
     </span>
     <span class='ocr_line' id='line_1_21' title="bbox 169 1808 1013 1876; baseline -0.001 -14"><span class='ocrx_word' id='word_1_166' title='bbox 169 1810 200 1862; x_wconf 85' lang='lat' dir='ltr'>id</span> <span class='ocrx_word' id='word_1_167' title='bbox 215 1810 292 1863; x_wconf 86' lang='lat' dir='ltr'>seire.</span> <span class='ocrx_word' id='word_1_168' title='bbox 330 1810 393 1861; x_wconf 90' lang='lat' dir='ltr'>Hoc</span> <span class='ocrx_word' id='word_1_169' title='bbox 405 1812 498 1860; x_wconf 85' lang='lat' dir='ltr'>autem</span> <span class='ocrx_word' id='word_1_170' title='bbox 513 1808 624 1859; x_wconf 85' lang='lat' dir='ltr'>celandi</span> <span class='ocrx_word' id='word_1_171' title='bbox 640 1823 729 1876; x_wconf 86' lang='lat' dir='ltr'>genus</span> <span class='ocrx_word' id='word_1_172' title='bbox 742 1810 824 1875; x_wconf 85' lang='lat' dir='ltr'>quale</span> <span class='ocrx_word' id='word_1_173' title='bbox 842 1808 879 1861; x_wconf 88' lang='lat' dir='ltr'>sit</span> <span class='ocrx_word' id='word_1_174' title='bbox 893 1814 922 1861; x_wconf 91' lang='lat' dir='ltr'>et</span> <span class='ocrx_word' id='word_1_175' title='bbox 935 1809 1013 1862; x_wconf 90' lang='lat' dir='ltr'>cuius</span> 
     </span>
     <span class='ocr_line' id='line_1_22' title="bbox 171 1888 1014 1957; baseline 0.001 -16"><span class='ocrx_word' id='word_1_176' title='bbox 171 1891 291 1943; x_wconf 83' lang='lat' dir='ltr'>lronrinis</span> <span class='ocrx_word' id='word_1_177' title='bbox 305 1889 369 1957; x_wconf 92' lang='lat' dir='ltr'>quis</span> <span class='ocrx_word' id='word_1_178' title='bbox 387 1905 444 1940; x_wconf 89' lang='lat' dir='ltr'>non</span> <span class='ocrx_word' id='word_1_179' title='bbox 459 1888 556 1941; x_wconf 74' lang='lat' dir='ltr'>videti</span> <span class='ocrx_word' id='word_1_180' title='bbox 594 1889 675 1939; x_wconf 80' lang='lat' dir='ltr'>Certe</span> <span class='ocrx_word' id='word_1_181' title='bbox 691 1904 746 1939; x_wconf 90' lang='lat' dir='ltr'>non</span> <span class='ocrx_word' id='word_1_182' title='bbox 766 1889 864 1956; x_wconf 85' lang='lat' dir='ltr'>aperti,</span> <span class='ocrx_word' id='word_1_183' title='bbox 879 1905 936 1941; x_wconf 91' lang='lat' dir='ltr'>non</span> <span class='ocrx_word' id='word_1_184' title='bbox 951 1890 1014 1943; x_wconf 88' lang='lat' dir='ltr'>sirn-</span> 
     </span>
     <span class='ocr_line' id='line_1_23' title="bbox 169 1966 1013 2039; baseline 0.002 -18"><span class='ocrx_word' id='word_1_185' title='bbox 169 1972 259 2039; x_wconf 89' lang='lat' dir='ltr'>plicis,</span> <span class='ocrx_word' id='word_1_186' title='bbox 277 1986 335 2022; x_wconf 91' lang='lat' dir='ltr'>non</span> <span class='ocrx_word' id='word_1_187' title='bbox 355 1967 479 2036; x_wconf 87' lang='lat' dir='ltr'>ingenui,</span> <span class='ocrx_word' id='word_1_188' title='bbox 496 1983 554 2018; x_wconf 88' lang='lat' dir='ltr'>nou</span> <span class='ocrx_word' id='word_1_189' title='bbox 575 1966 650 2032; x_wconf 87' lang='lat' dir='ltr'>iusti,</span> <span class='ocrx_word' id='word_1_190' title='bbox 666 1983 721 2019; x_wconf 91' lang='lat' dir='ltr'>non</span> <span class='ocrx_word' id='word_1_191' title='bbox 741 1968 796 2020; x_wconf 86' lang='lat' dir='ltr'>viri</span> <span class='ocrx_word' id='word_1_192' title='bbox 817 1969 892 2033; x_wconf 91' lang='lat' dir='ltr'>boni,</span> <span class='ocrx_word' id='word_1_193' title='bbox 908 1969 1013 2023; x_wconf 81' lang='lat' dir='ltr'>versuti</span> 
     </span>
     <span class='ocr_line' id='line_1_24' title="bbox 170 2047 1013 2120; baseline 0.002 -19"><span class='ocrx_word' id='word_1_194' title='bbox 170 2052 272 2120; x_wconf 90' lang='lat' dir='ltr'>potius,</span> <span class='ocrx_word' id='word_1_195' title='bbox 287 2048 407 2115; x_wconf 85' lang='lat' dir='ltr'>obscuri,</span> <span class='ocrx_word' id='word_1_196' title='bbox 423 2048 518 2114; x_wconf 87' lang='lat' dir='ltr'>astuti,</span> <span class='ocrx_word' id='word_1_197' title='bbox 531 2047 648 2115; x_wconf 82' lang='lat' dir='ltr'>fallacis,</span> <span class='ocrx_word' id='word_1_198' title='bbox 664 2048 805 2116; x_wconf 83' lang='lat' dir='ltr'>malitiosi,</span> <span class='ocrx_word' id='word_1_199' title='bbox 821 2050 926 2118; x_wconf 80' lang='lat' dir='ltr'>callidi,</span> <span class='ocrx_word' id='word_1_200' title='bbox 940 2056 1013 2103; x_wconf 89' lang='lat' dir='ltr'>vete·</span> 
     </span>
     <span class='ocr_line' id='line_1_25' title="bbox 169 2127 1013 2201; baseline -0.001 -17"><span class='ocrx_word' id='word_1_201' title='bbox 169 2132 275 2198; x_wconf 74' lang='lat' dir='ltr'>tatoris,</span> <span class='ocrx_word' id='word_1_202' title='bbox 285 2129 364 2183; x_wconf 85' lang='lat' dir='ltr'>vafri.</span> <span class='ocrx_word' id='word_1_203' title='bbox 401 2131 479 2181; x_wconf 90' lang='lat' dir='ltr'>Haec</span> <span class='ocrx_word' id='word_1_204' title='bbox 491 2133 535 2181; x_wconf 90' lang='lat' dir='ltr'>tot</span> <span class='ocrx_word' id='word_1_205' title='bbox 547 2132 576 2180; x_wconf 88' lang='grc' dir='ltr'>θῖ</span> <span class='ocrx_word' id='word_1_206' title='bbox 588 2127 642 2179; x_wconf 87' lang='lat' dir='ltr'>alia</span> <span class='ocrx_word' id='word_1_207' title='bbox 655 2130 737 2197; x_wconf 90' lang='lat' dir='ltr'>plura</span> <span class='ocrx_word' id='word_1_208' title='bbox 752 2146 845 2182; x_wconf 86' lang='lat' dir='ltr'>nonne</span> <span class='ocrx_word' id='word_1_209' title='bbox 859 2130 958 2183; x_wconf 90' lang='lat' dir='ltr'>inutile</span> <span class='ocrx_word' id='word_1_210' title='bbox 971 2134 1013 2201; x_wconf 80' lang='lat' dir='ltr'>est</span> 
     </span>
     <span class='ocr_line' id='line_1_26' title="bbox 168 2208 556 2265; baseline -0.008 -1"><span class='ocrx_word' id='word_1_211' title='bbox 168 2212 302 2265; x_wconf 80' lang='lat' dir='ltr'>vitiorum</span> <span class='ocrx_word' id='word_1_212' title='bbox 315 2208 409 2263; x_wconf 87' lang='lat' dir='ltr'>subire</span> <span class='ocrx_word' id='word_1_213' title='bbox 422 2208 556 2261; x_wconf 69' lang='lat' dir='ltr'>nomina?</span> 
     </span>
     <span class='ocr_line' id='line_1_27' title="bbox 203 2288 1011 2360; baseline -0.005 -14"><span class='ocrx_word' id='word_1_214' title='bbox 203 2292 280 2346; x_wconf 89' lang='lat' dir='ltr'>XIV.</span> <span class='ocrx_word' id='word_1_215' title='bbox 318 2293 360 2344; x_wconf 83' lang='grc'>58.</span> <span class='ocrx_word' id='word_1_216' title='bbox 374 2290 458 2356; x_wconf 79' lang='lat' dir='ltr'>Quod</span> <span class='ocrx_word' id='word_1_217' title='bbox 468 2289 491 2341; x_wconf 91' lang='lat' dir='ltr'>si</span> <span class='ocrx_word' id='word_1_218' title='bbox 501 2288 679 2359; x_wconf 86' lang='lat' dir='ltr'>vituperandi</span> <span class='ocrx_word' id='word_1_219' title='bbox 691 2290 740 2358; x_wconf 89' lang='lat' dir='ltr'>qui</span> <span class='ocrx_word' id='word_1_220' title='bbox 753 2290 931 2358; x_wconf 88' lang='lat' dir='ltr'>reticuerunt,</span> <span class='ocrx_word' id='word_1_221' title='bbox 941 2290 1011 2360; x_wconf 84' lang='lat' dir='ltr'>quid</span> 
     </span>
     <span class='ocr_line' id='line_1_28' title="bbox 169 2371 1011 2439; baseline -0.001 -13"><span class='ocrx_word' id='word_1_222' title='bbox 169 2376 205 2426; x_wconf 92' lang='lat' dir='ltr'>‹le</span> <span class='ocrx_word' id='word_1_223' title='bbox 222 2374 257 2427; x_wconf 91' lang='lat' dir='ltr'>iis</span> <span class='ocrx_word' id='word_1_224' title='bbox 271 2371 489 2425; x_wconf 84' lang='lat' dir='ltr'>existimandum</span> <span class='ocrx_word' id='word_1_225' title='bbox 508 2375 556 2437; x_wconf 87' lang='lat' dir='ltr'>est,</span> <span class='ocrx_word' id='word_1_226' title='bbox 571 2371 621 2439; x_wconf 92' lang='lat' dir='ltr'>qui</span> <span class='ocrx_word' id='word_1_227' title='bbox 641 2372 776 2426; x_wconf 84' lang='lat' dir='ltr'>orationis</span> <span class='ocrx_word' id='word_1_228' title='bbox 790 2373 945 2427; x_wconf 86' lang='lat' dir='ltr'>vanitatem</span> <span class='ocrx_word' id='word_1_229' title='bbox 964 2372 1011 2425; x_wconf 88' lang='lat' dir='ltr'>ad·</span> 
     </span>
     <span class='ocr_line' id='line_1_29' title="bbox 150 2451 1012 2522; baseline -0.002 -15"><span class='ocrx_word' id='word_1_230' title='bbox 150 2461 154 2465; x_wconf 85' lang='lat'>&#39;</span> <span class='ocrx_word' id='word_1_231' title='bbox 169 2455 339 2507; x_wconf 81' lang='lat' dir='ltr'>lribueruntl</span> <span class='ocrx_word' id='word_1_232' title='bbox 377 2453 408 2505; x_wconf 82' lang='grc' dir='ltr'>Ο.</span> <span class='ocrx_word' id='word_1_233' title='bbox 423 2451 535 2519; x_wconf 85' lang='lat' dir='ltr'>Canius,</span> <span class='ocrx_word' id='word_1_234' title='bbox 546 2469 631 2522; x_wconf 88' lang='lat' dir='ltr'>eques</span> <span class='ocrx_word' id='word_1_235' title='bbox 645 2454 796 2521; x_wconf 88' lang='lat' dir='ltr'>Romanus,</span> <span class='ocrx_word' id='word_1_236' title='bbox 807 2470 858 2507; x_wconf 87' lang='lat' dir='ltr'>nec</span> <span class='ocrx_word' id='word_1_237' title='bbox 873 2454 1012 2506; x_wconf 87' lang='lat' dir='ltr'>infacetus</span> 
     </span>
     <span class='ocr_line' id='line_1_30' title="bbox 167 2533 1011 2603; baseline -0.005 -14"><span class='ocrx_word' id='word_1_238' title='bbox 167 2542 196 2589; x_wconf 90' lang='lat' dir='ltr'>et</span> <span class='ocrx_word' id='word_1_239' title='bbox 208 2536 276 2589; x_wconf 84' lang='lat' dir='ltr'>setis</span> <span class='ocrx_word' id='word_1_240' title='bbox 287 2534 434 2601; x_wconf 87' lang='lat' dir='ltr'>litteratus,</span> <span class='ocrx_word' id='word_1_241' title='bbox 445 2549 510 2585; x_wconf 86' lang='lat' dir='ltr'>eum</span> <span class='ocrx_word' id='word_1_242' title='bbox 522 2549 551 2587; x_wconf 91' lang='lat' dir='ltr'>se</span> <span class='ocrx_word' id='word_1_243' title='bbox 565 2534 713 2602; x_wconf 78' lang='lat' dir='ltr'>Syracusas</span> <span class='ocrx_word' id='word_1_244' title='bbox 725 2535 843 2603; x_wconf 88' lang='lat' dir='ltr'>otiandi,</span> <span class='ocrx_word' id='word_1_245' title='bbox 852 2540 885 2588; x_wconf 91' lang='lat' dir='ltr'>ut</span> <span class='ocrx_word' id='word_1_246' title='bbox 897 2535 958 2603; x_wconf 87' lang='lat' dir='ltr'>ipse</span> <span class='ocrx_word' id='word_1_247' title='bbox 970 2533 1011 2586; x_wconf 91' lang='lat' dir='ltr'>di·</span> 
     </span>
     <span class='ocr_line' id='line_1_31' title="bbox 168 2614 1011 2685; baseline -0.002 -16"><span class='ocrx_word' id='word_1_248' title='bbox 168 2634 228 2670; x_wconf 86' lang='lat' dir='ltr'>cere</span> <span class='ocrx_word' id='word_1_249' title='bbox 240 2616 356 2683; x_wconf 88' lang='lat' dir='ltr'>solebat,</span> <span class='ocrx_word' id='word_1_250' title='bbox 367 2632 424 2667; x_wconf 91' lang='lat' dir='ltr'>non</span> <span class='ocrx_word' id='word_1_251' title='bbox 438 2614 606 2685; x_wconf 84' lang='lat' dir='ltr'>negotiandi</span> <span class='ocrx_word' id='word_1_252' title='bbox 619 2632 703 2669; x_wconf 87' lang='lat' dir='ltr'>causa</span> <span class='ocrx_word' id='word_1_253' title='bbox 717 2618 889 2683; x_wconf 86' lang='lat' dir='ltr'>contulisset,</span> <span class='ocrx_word' id='word_1_254' title='bbox 900 2615 1011 2679; x_wconf 82' lang='lat' dir='ltr'>dictita-</span> 
     </span>
     <span class='ocr_line' id='line_1_32' title="bbox 166 2695 1011 2766; baseline 0 -17"><span class='ocrx_word' id='word_1_255' title='bbox 166 2696 216 2750; x_wconf 83' lang='lat' dir='ltr'>bat</span> <span class='ocrx_word' id='word_1_256' title='bbox 230 2715 259 2751; x_wconf 89' lang='lat' dir='ltr'>se</span> <span class='ocrx_word' id='word_1_257' title='bbox 273 2698 401 2751; x_wconf 90' lang='lat' dir='ltr'>hortulos</span> <span class='ocrx_word' id='word_1_258' title='bbox 415 2697 525 2765; x_wconf 85' lang='lat' dir='ltr'>aliquos</span> <span class='ocrx_word' id='word_1_259' title='bbox 541 2714 631 2751; x_wconf 90' lang='lat' dir='ltr'>emere</span> <span class='ocrx_word' id='word_1_260' title='bbox 645 2698 726 2763; x_wconf 82' lang='lat' dir='ltr'>velle,</span> <span class='ocrx_word' id='word_1_261' title='bbox 740 2713 796 2766; x_wconf 91' lang='lat' dir='ltr'>quo</span> <span class='ocrx_word' id='word_1_262' title='bbox 811 2695 930 2751; x_wconf 85' lang='lat' dir='ltr'>invitare</span> <span class='ocrx_word' id='word_1_263' title='bbox 945 2696 1011 2749; x_wconf 85' lang='lat' dir='ltr'>ami-</span> 
     </span>
     <span class='ocr_line' id='line_1_33' title="bbox 167 2777 1009 2847; baseline -0.001 -17"><span class='ocrx_word' id='word_1_264' title='bbox 167 2794 215 2831; x_wconf 90' lang='lat' dir='ltr'>cos</span> <span class='ocrx_word' id='word_1_265' title='bbox 233 2782 262 2831; x_wconf 88' lang='lat' dir='ltr'>et</span> <span class='ocrx_word' id='word_1_266' title='bbox 280 2777 331 2830; x_wconf 91' lang='lat' dir='ltr'>ubi</span> <span class='ocrx_word' id='word_1_267' title='bbox 348 2795 377 2831; x_wconf 87' lang='lat' dir='ltr'>se</span> <span class='ocrx_word' id='word_1_268' title='bbox 396 2779 536 2832; x_wconf 87' lang='lat' dir='ltr'>oblectare</span> <span class='ocrx_word' id='word_1_269' title='bbox 555 2778 615 2831; x_wconf 90' lang='lat' dir='ltr'>sine</span> <span class='ocrx_word' id='word_1_270' title='bbox 631 2778 890 2847; x_wconf 86' lang='lat' dir='ltr'>interpellatoribus</span> <span class='ocrx_word' id='word_1_271' title='bbox 909 2782 1009 2846; x_wconf 88' lang='lat' dir='ltr'>posset.</span> 
     </span>
     <span class='ocr_line' id='line_1_34' title="bbox 168 2857 1010 2930; baseline -0.004 -19"><span class='ocrx_word' id='word_1_272' title='bbox 168 2858 251 2924; x_wconf 81' lang='lat' dir='ltr'>Quod</span> <span class='ocrx_word' id='word_1_273' title='bbox 266 2867 330 2911; x_wconf 84' lang='lat' dir='ltr'>cum</span> <span class='ocrx_word' id='word_1_274' title='bbox 344 2859 569 2930; x_wconf 87' lang='lat' dir='ltr'>percrebruisset,</span> <span class='ocrx_word' id='word_1_275' title='bbox 584 2858 704 2927; x_wconf 85' lang='lat' dir='ltr'>Pythius</span> <span class='ocrx_word' id='word_1_276' title='bbox 721 2859 748 2912; x_wconf 92' lang='lat' dir='ltr'>ei</span> <span class='ocrx_word' id='word_1_277' title='bbox 765 2859 888 2926; x_wconf 86' lang='lat' dir='ltr'>quidam,</span> <span class='ocrx_word' id='word_1_278' title='bbox 903 2857 953 2925; x_wconf 90' lang='lat' dir='ltr'>qui</span> <span class='ocrx_word' id='word_1_279' title='bbox 971 2874 1010 2909; x_wconf 91' lang='lat' dir='ltr'>ar-</span> 
     </span>
     <span class='ocr_line' id='line_1_35' title="bbox 167 2939 1010 3010; baseline -0.004 -17"><span class='ocrx_word' id='word_1_280' title='bbox 167 2939 320 3009; x_wconf 78' lang='lat' dir='ltr'>gentariam</span> <span class='ocrx_word' id='word_1_281' title='bbox 334 2941 437 2995; x_wconf 84' lang='lat' dir='ltr'>faceret</span> <span class='ocrx_word' id='word_1_282' title='bbox 454 2940 603 3010; x_wconf 83' lang='lat' dir='ltr'>Syracusis,</span> <span class='ocrx_word' id='word_1_283' title='bbox 614 2941 725 2994; x_wconf 82' lang='lat' dir='ltr'>venales</span> <span class='ocrx_word' id='word_1_284' title='bbox 741 2939 856 3008; x_wconf 88' lang='lat' dir='ltr'>quidem</span> <span class='ocrx_word' id='word_1_285' title='bbox 871 2956 900 2991; x_wconf 89' lang='lat' dir='ltr'>se</span> <span class='ocrx_word' id='word_1_286' title='bbox 914 2939 1010 2991; x_wconf 90' lang='lat' dir='ltr'>hortos</span> 
     </span>
     <span class='ocr_line' id='line_1_36' title="bbox 166 3018 1010 3089; baseline -0.004 -16"><span class='ocrx_word' id='word_1_287' title='bbox 166 3038 224 3074; x_wconf 92' lang='lat' dir='ltr'>non</span> <span class='ocrx_word' id='word_1_288' title='bbox 242 3023 352 3089; x_wconf 86' lang='lat' dir='ltr'>habere,</span> <span class='ocrx_word' id='word_1_289' title='bbox 366 3023 416 3076; x_wconf 87' lang='lat' dir='ltr'>sed</span> <span class='ocrx_word' id='word_1_290' title='bbox 431 3022 514 3075; x_wconf 88' lang='lat' dir='ltr'>licere</span> <span class='ocrx_word' id='word_1_291' title='bbox 532 3022 576 3074; x_wconf 92' lang='lat' dir='ltr'>uti</span> <span class='ocrx_word' id='word_1_292' title='bbox 594 3020 688 3087; x_wconf 79' lang='lat' dir='ltr'>Came,</span> <span class='ocrx_word' id='word_1_293' title='bbox 705 3020 728 3073; x_wconf 91' lang='lat' dir='ltr'>si</span> <span class='ocrx_word' id='word_1_294' title='bbox 746 3021 839 3088; x_wconf 86' lang='lat' dir='ltr'>vellet,</span> <span class='ocrx_word' id='word_1_295' title='bbox 852 3024 885 3072; x_wconf 91' lang='lat' dir='ltr'>ut</span> <span class='ocrx_word' id='word_1_296' title='bbox 903 3018 967 3084; x_wconf 93' lang='lat' dir='ltr'>suis,</span> <span class='ocrx_word' id='word_1_297' title='bbox 982 3024 1010 3071; x_wconf 91' lang='lat' dir='ltr'>et</span> 
     </span>
     <span class='ocr_line' id='line_1_37' title="bbox 166 3099 1010 3169; baseline -0.005 -12"><span class='ocrx_word' id='word_1_298' title='bbox 166 3103 249 3156; x_wconf 90' lang='lat' dir='ltr'>simul</span> <span class='ocrx_word' id='word_1_299' title='bbox 262 3104 299 3157; x_wconf 88' lang='lat' dir='ltr'>ud</span> <span class='ocrx_word' id='word_1_300' title='bbox 312 3120 409 3157; x_wconf 89' lang='lat' dir='ltr'>cenam</span> <span class='ocrx_word' id='word_1_301' title='bbox 421 3102 563 3156; x_wconf 88' lang='lat' dir='ltr'>homiuem</span> <span class='ocrx_word' id='word_1_302' title='bbox 576 3101 606 3153; x_wconf 91' lang='lat' dir='ltr'>in</span> <span class='ocrx_word' id='word_1_303' title='bbox 619 3102 716 3154; x_wconf 88' lang='lat' dir='ltr'>hortos</span> <span class='ocrx_word' id='word_1_304' title='bbox 731 3100 864 3155; x_wconf 81' lang='lat' dir='ltr'>invitavit</span> <span class='ocrx_word' id='word_1_305' title='bbox 876 3099 907 3152; x_wconf 89' lang='lat' dir='ltr'>iu</span> <span class='ocrx_word' id='word_1_306' title='bbox 918 3104 1010 3169; x_wconf 87' lang='lat' dir='ltr'>poste·</span> 
     </span>
     <span class='ocr_line' id='line_1_38' title="bbox 166 3179 1009 3252; baseline -0.011 -12"><span class='ocrx_word' id='word_1_307' title='bbox 166 3204 228 3240; x_wconf 90' lang='lat' dir='ltr'>rum</span> <span class='ocrx_word' id='word_1_308' title='bbox 249 3186 333 3240; x_wconf 86' lang='lat' dir='ltr'>diem.</span> <span class='ocrx_word' id='word_1_309' title='bbox 372 3186 442 3237; x_wconf 85' lang='lat' dir='ltr'>Cum</span> <span class='ocrx_word' id='word_1_310' title='bbox 463 3184 512 3237; x_wconf 92' lang='lat' dir='ltr'>ille</span> <span class='ocrx_word' id='word_1_311' title='bbox 534 3181 715 3252; x_wconf 85' lang='lat' dir='ltr'>promisisset,</span> <span class='ocrx_word' id='word_1_312' title='bbox 734 3188 795 3234; x_wconf 91' lang='lat' dir='ltr'>tum</span> <span class='ocrx_word' id='word_1_313' title='bbox 817 3180 944 3249; x_wconf 89' lang='lat' dir='ltr'>Pythius,</span> <span class='ocrx_word' id='word_1_314' title='bbox 960 3179 1009 3247; x_wconf 91' lang='lat' dir='ltr'>qui</span> 
     </span>
    </p>
   </div>
   <div class='ocr_carea' id='block_1_3' title="bbox 0 0 1126 3542">
    <p class='ocr_par' dir='ltr' id='par_1_3' title="bbox 0 0 1126 3542">
     <span class='ocr_line' id='line_1_39' title="bbox 0 0 1126 3542; baseline 0 1"><span class='ocrx_word' id='word_1_315' title='bbox 0 0 1126 3542; x_wconf 95' lang='lat' dir='ltr'> </span> 
     </span>
    </p>
   </div>
  </div>
 </body>
</html>
