2242 3542
43 2 1102 125 aimerffltfvl‘atlitttffldt-»bssle‘asst-

43 92 820 203 statuarum-*amnemam-

249 186 319 236 LIB.
337 185 696 247 1.‚CAP.XL11.-xn1v.,
714 184 728 246 ᾗ
745 190 867 237 lat-157.
936 186 981 235 113

134 276 184 325 cst.
224 270 284 324 154.
307 271 401 339 Atque
416 271 448 323 id
463 272 586 340 optimus
602 270 721 340 quisque
736 272 841 341 reipsa
856 271 981 325 ostendit
1004 320 1007 329 λ

77 382 81 387 -
134 352 289 406 etiudicat.
328 351 397 417 Quis
410 352 484 404 enim
493 357 535 404 est
544 356 603 404 tam
613 352 733 421 cupidus
742 352 773 404 in
782 352 981 421 perspicienda

134 432 385 502 cognoscendaque
402 448 493 485 rerum
509 437 617 500 natura,
631 438 670 499 ut,
684 432 708 483 si
725 432 751 484 ei
766 432 901 485 tractanti
916 450 980 486 con-

134 514 338 583 templantique
363 529 407 566 res
430 512 591 583 cognitione
617 513 795 582 dignissimas
822 514 916 567 subito
944 515 980 567 sit

134 595 261 647 adlatum
280 593 436 663 periculum
455 593 661 661 discrimenque
682 594 798 663 patriae,
815 594 861 647 cui
883 596 980 649 subve-

134 676 194 727 nire
206 674 394 743 opitularique
404 673 501 743 possit,
509 691 566 726 non
576 674 625 727 illa
639 674 733 727 omnia
746 674 886 742 relinquat
896 680 980 745 atque

134 755 257 822 abiiciat,
265 755 351 807 etiam
363 755 387 807 si
400 754 574 807 dinumerare
588 772 616 807 se
629 756 723 809 stellas
736 762 784 808 aaut
797 756 890 809 metiri
902 773 980 809 mun-

133 836 165 887 di
180 834 407 905 magnitudinem
422 851 503 903 posse
519 834 688 889 arbitretur?
725 836 819 905 Atque
834 838 888 889 hoc
903 838 979 889 idem

133 917 164 969 in
176 916 305 985 parentis,
316 916 345 967 in
358 916 482 968 amicire
495 921 545 969 aut
559 916 683 985 periculo
696 916 799 971 iecerit.
838 920 896 971 155.
914 918 980 983 Qui-

134 998 186 1050 bus
199 998 280 1049 rebus
292 996 467 1064 intellegitur
479 996 581 1048 studiis
594 996 746 1065 officiisque
759 998 890 1050 scientiae
903 1015 979 1067 prae-

133 1078 265 1148 ponenda
278 1093 337 1128 esse
352 1076 443 1128 officia
457 1076 590 1143 iustitiae,
602 1094 673 1143 quae
685 1078 827 1145 pertinent
840 1080 877 1131 ad
891 1079 979 1131 homi-

133 1174 201 1210 num
216 1158 368 1223 caritatem,
379 1173 435 1225 qua
449 1156 521 1208 nihil
533 1158 643 1209 homini
656 1175 714 1211 esse
729 1159 815 1211 debet
828 1159 977 1227 antiquius.
988 1213 1003 1234 s

132 1238 234 1292 XLIV.
252 1237 348 1304 Atque
361 1237 412 1303 illi,
423 1254 542 1305 quorum
558 1238 652 1291 studia
662 1240 775 1308 vitaque
791 1241 882 1293 omnis
894 1240 924 1292 in
940 1258 979 1293 re-

133 1334 195 1371 rum
212 1318 375 1387 cognitione
390 1325 499 1372 versata
514 1325 564 1386 est,
578 1325 671 1372 tamen
687 1320 723 1373 ab
739 1321 875 1389 augendis
890 1322 979 1373 homi-

133 1415 201 1451 num
217 1398 388 1452 utilitatibus
405 1406 433 1452 et
448 1401 604 1453 commodis
618 1418 675 1453 non
690 1406 868 1455 recesserunt.
906 1403 979 1454 Nam

133 1485 161 1533 et
175 1480 357 1533 erudiverunt
369 1482 481 1549 multos,
495 1498 552 1549 quo
568 1484 694 1534 meliores
709 1482 784 1534 cives
798 1481 979 1549 utilioresque

133 1564 216 1615 rebus
228 1562 286 1614 suis
298 1562 418 1631 publicis
431 1567 529 1631 essent,
539 1568 571 1616 ut
581 1564 746 1615 Thebanum
755 1562 978 1633 Epaminondam

133 1641 213 1711 Lysis
231 1643 432 1713 Pythagoreus,
449 1643 626 1712 Syracosium
645 1644 766 1696 Dionem
785 1646 867 1697 Plato
885 1644 979 1696 multi-

133 1739 188 1791 que
206 1724 318 1791 multos,
336 1740 442 1794 nosque
459 1725 522 1794 ipsi,
540 1724 683 1793 quidquid
702 1725 738 1777 ad
757 1742 815 1777 rem
835 1725 978 1793 publicam

133 1803 286 1872 attulimus,
300 1805 324 1856 si
339 1807 424 1858 modo
439 1805 547 1874 aliquid
564 1806 743 1871 attulimus,a
759 1806 922 1858 doctoribus
937 1812 976 1857 ut·

133 1902 188 1955 que
206 1885 336 1939 doctrina
355 1886 484 1939 instructi
502 1887 540 1938 ad
558 1902 620 1939 eam
641 1892 673 1940 ut
693 1886 783 1938 ornati
802 1886 976 1939 accessimus.

134 1969 193 2020 156.
215 1968 313 2035 Neque
329 1969 418 2020 solum
430 1966 488 2021 vivi
501 1972 586 2035 atque
598 1972 755 2035 praesent-es
770 1966 910 2019 studiosos
922 1965 977 2017 dis-

133 2048 217 2101 cendi
243 2048 375 2101 erudiunt
396 2054 480 2117 atque
506 2047 617 2114 docent,
638 2046 688 2099 sed
710 2047 764 2098 hoc
790 2046 866 2098 idem
892 2045 976 2098 etiam

133 2134 198 2197 post
224 2135 340 2180 mortem
371 2127 559 2180 monumentis
590 2127 746 2179 litterarum
777 2126 975 2194 adsequuntur.

133 2210 193 2261 Nec
209 2208 282 2261 enim
297 2210 375 2261 locus
391 2210 465 2261 ullus
482 2212 524 2261 est
539 2207 748 2277 praetermissus
765 2207 801 2259 ab
816 2206 859 2274 iis,
873 2206 922 2273 qui
940 2206 992 2286 adl

133 2290 218 2357 leges,
232 2289 281 2357 qui
299 2291 337 2341 ad
355 2306 453 2356 mores,
469 2288 519 2357 qui
537 2290 576 2341 ad
595 2287 773 2357 disciplinam
791 2286 831 2339 rei
847 2286 993 2355 publicaal
1017 2281 1053 2369 si,

133 2369 294 2437 pertineret,
308 2375 340 2421 ut
354 2369 444 2421 otium
462 2386 543 2422 suum
560 2370 598 2421 ad
614 2374 739 2421 nostrum
754 2369 899 2437 negotium
914 2384 992 2420 con··

133 2450 231 2502 tulisse
243 2449 402 2502 videantur.
439 2451 483 2503 Ita
495 2451 538 2501 illi
550 2450 607 2518 ipsi
620 2449 764 2503 doctrinae
781 2448 883 2502 studiis
898 2454 928 2502 el.
939 2466 978 2501 sa·
990 2439 994 2487 3

133 2530 256 2599 pientiae
274 2529 366 2583 dediti
382 2530 419 2581 ad
433 2530 579 2583 hominum
596 2530 747 2582 utilitatem
767 2546 844 2582 suam
859 2530 978 2599 pruden-

133 2610 202 2663 tiam
215 2610 490 2679 intellegentiamque
503 2610 678 2679 potissimum
693 2610 846 2676 conferunt,
858 2611 894 2661 ob
907 2626 978 2661 cam-

133 2708 187 2759 que
212 2692 296 2744 etiam
318 2707 430 2743 eausam
453 2691 546 2758 eloqui
569 2692 688 2759 eopiosa,
709 2692 793 2743 modo
818 2689 978 2757 prudenter,

133 2773 232 2826 melius
250 2778 293 2825 est
308 2789 392 2839 quam
408 2774 452 2824 vel
468 2772 626 2825 acutissime
645 2773 703 2824 sine
722 2770 881 2839 eloquentia
901 2772 976 2838 cogi·

133 2857 200 2920 tare,
209 2854 286 2921 quod
296 2853 433 2923 cogr'tmio
446 2854 475 2905 in
488 2870 516 2905 se
525 2853 588 2922 ipsa
597 2854 722 2918 vertitur,
731 2852 891 2919 eloquentia
904 2866 977 2901 com-

132 2934 266 3002 plectitur
284 2950 338 3000 eos,
355 2934 522 3003 quibuscum
543 2934 744 2985 connnunitate
764 2932 854 2984 iuncti
874 2944 975 2982 sumus.
1053 2972 1055 2977 .

134 3017 194 3067 157,
215 3014 309 3081 Atque
323 3020 355 3067 ut
367 3015 462 3083 apium
477 3014 605 3067 examina
620 3028 675 3065 non
691 3014 887 3082 fingendorum
902 3009 977 3061 favo-

134 3110 196 3146 rum
205 3110 290 3147 causa
300 3100 513 3163 congregantur,
521 3095 649 3159 sed,cum
659 3090 869 3161 congregabilia
879 3094 978 3139 natura

133 3174 199 3243 sint,
212 3174 325 3243 fingrmt
337 3173 424 3241 favos,
437 3173 478 3225 sic
492 3173 620 3224 homines
636 3188 668 3223 ac
685 3172 773 3223 multo
788 3168 872 3220 ctiam
887 3166 977 3233 magis

1024 500 1052 537 a.
