2242 3542
109 184 158 229 160
421 181 470 229 Du
489 180 642 229 OFFICIIS

111 263 207 331 [taque
223 280 289 331 non,
302 268 334 315 ut
352 262 506 331 aliquando
523 269 754 331 anteponeremus
769 260 851 314 utilia
869 260 945 314 hone·

108 346 165 412 stis,
176 346 226 398 sed
240 350 272 397 ut
285 361 318 397 ea
332 345 392 397 sine
405 362 495 397 errore
508 344 736 411 diiudicaremus
750 342 899 410 siquando
912 342 947 394 im

108 426 250 494 cidisscnt‚
263 426 376 478 induxit
395 443 465 489 earu,
479 443 550 493 quae
567 426 710 477 videretur
728 440 795 490 csse,
809 440 867 475 non
882 439 952 492 quae

108 511 187 574 esset,
209 508 431 576 repugnantiam.
471 509 551 559 Hanc
579 506 667 575 igitur
692 510 801 574 partem
826 504 953 557 relictam

108 588 282 657 explebimus
300 588 386 642 nullis
404 587 594 653 adminiculis,
610 587 667 653 sed,
684 593 716 638 ut
735 586 848 651 dicitur,
864 586 953 637 Marte

108 672 211 723 nostro.
249 670 347 737 Neque
363 669 437 720 enim
450 668 608 736 quidquam
624 674 665 720 est
681 668 716 719 de
733 668 785 718 hac
798 672 876 735 parto
890 671 953 734 post

108 750 274 801 Panaetium
287 749 467 818 explicatum,
476 751 555 817 quod
567 748 682 816 quidem
694 747 765 801 milri
778 748 952 816 probaretur,

108 832 144 882 de
158 830 200 895 iis,
211 847 282 899 quae
295 831 325 882 in
338 846 437 882 manus
449 846 524 882 meas
536 830 673 881 venerint.

144 913 220 965 VIII.
256 915 297 965 35.
315 913 385 963 Cum
402 911 492 980 igitur
513 910 608 977 aliquo
628 909 733 979 species
756 907 888 962 utilitatis
906 908 954 964 ob-

107 992 181 1045 iecta
205 999 255 1062 est,
271 992 440 1045 commoveri
464 1008 574 1044 necesso
597 997 646 1044 est.
686 992 742 1044 Sed
762 989 793 1057 si,
810 1006 875 1042 curn
895 988 954 1042 ani-

108 1089 184 1125 mum
195 1074 355 1137 attenderis,
364 1073 569 1141 turpitudinem
580 1072 677 1124 videas
690 1072 854 1125 adiunctam
867 1069 893 1122 ei
905 1070 952 1136 rei,

109 1170 181 1221 quae
191 1154 311 1223 speciem
323 1146 457 1207 utilitatis
467 1154 601 1219 attulerit,
609 1158 670 1205 tum
683 1170 739 1206 non
753 1152 861 1204 utilitas
872 1150 953 1203 relin-

109 1235 221 1303 quenda
240 1240 289 1301 est,
305 1236 353 1287 sed
373 1234 596 1303 intellegendum
618 1234 665 1286 ubi
685 1234 833 1302 turpitudo
852 1232 896 1300 sit,
912 1231 953 1284 ibi

109 1307 262 1369 utilitatem
274 1332 333 1369 esse
346 1332 403 1367 non
417 1332 504 1385 posse.
540 1316 624 1381 Quod
637 1316 660 1367 si
676 1316 749 1368 nihil
764 1320 806 1367 est
817 1319 875 1367 tarn
888 1328 953 1365 con·

109 1403 152 1448 tra
162 1403 290 1449 naturam
300 1413 384 1465 quam
393 1396 653 1465 turpitudo-recta
663 1395 738 1447 enim
748 1402 776 1447 et
788 1393 953 1447 convenien-

109 1478 149 1529 tia
165 1484 193 1530 et
208 1477 366 1530 constantia
381 1485 479 1532 natura
494 1477 636 1529 desiderat
654 1482 872 1545 aspernaturque
888 1491 953 1527 con-

109 1557 357 1625 traria—nihilque
370 1557 592 1623 tomsecundum
605 1562 732 1609 naturam
743 1572 827 1624 quam
837 1555 953 1621 utilitas,

109 1649 183 1690 certe
194 1639 223 1690 in
236 1638 333 1691 eadem
347 1635 497 1706 rentilitas
507 1643 535 1689 et
547 1638 697 1707 turpitudo
710 1654 768 1691 esse
781 1654 838 1689 non
850 1641 952 1705 potest.

109 1719 243 1788 Itemque,
257 1719 280 1770 si
296 1720 332 1770 ad
348 1719 523 1772 honestatem
536 1718 597 1771 nati
613 1735 707 1771 sumus
726 1734 812 1787 eaque
831 1723 880 1770 aut
894 1718 954 1770 sola

109 1800 267 1869 expetenda
287 1806 336 1863 est,
351 1804 384 1850 ut
406 1799 511 1851 Zenoni
527 1798 620 1852 visum
644 1806 694 1866 cst,
713 1805 762 1852 aut
782 1804 856 1851 certe
876 1798 953 1850 omui

109 1882 234 1949 pondere
252 1881 365 1951 gravior
384 1880 514 1933 habenda
533 1897 618 1949 quam
636 1880 744 1948 reliqua
763 1880 864 1946 omnia,
876 1879 953 1947 quod

109 1962 254 2015 Aristoteli
278 1964 379 2031 placet,
397 1977 507 2014 neeesse
528 1966 579 2028 est,
593 1963 669 2028 quod
692 1963 839 2013 honestum
862 1961 905 2026 sit,
921 1960 954 2013 id

109 2058 168 2094 esse
183 2049 232 2094 aut
247 2044 338 2095 solum
354 2049 401 2094 aut
420 2058 559 2094 summum
576 2043 688 2108 bonum,
703 2042 781 2108 quod
797 2047 889 2093 autem
906 2041 954 2092 bo-

109 2139 185 2188 num,
198 2124 231 2176 id
249 2129 323 2194 certe
342 2123 419 2187 utile,
433 2122 480 2188 itu,
495 2122 635 2191 quidquid
655 2123 812 2188 honestum,
825 2121 856 2173 id
873 2121 951 2173 utile.

110 2206 152 2257 36.
169 2205 231 2269 Qua
241 2221 355 2257 re-error
364 2203 510 2256 hominum
523 2220 579 2256 non
593 2204 751 2271 proborum,
762 2218 826 2255 cum
835 2202 952 2269 aliquid,

110 2286 187 2351 quod
201 2285 373 2337 utile’risum
387 2291 436 2346 est,
447 2283 580 2353 adripuit,
591 2284 621 2335 id
637 2283 770 2336 continuo
786 2282 905 2335 secernit
917 2284 953 2334 ab

109 2367 234 2419 honest-o.
273 2366 348 2417 Hinc
367 2366 448 2431 sicae,
466 2365 533 2417 hinc
553 2380 668 2431 venena,
687 2364 754 2416 hinc
778 2364 847 2417 falsa
870 2369 953 2415 testa-

109 2455 203 2499 menta
226 2451 387 2509 nascuntur,
405 2445 472 2497 hinc
494 2444 577 2511 furta,
596 2446 750 2513 peculatus,
769 2443 953 2512 expilationes

109 2526 337 2596 direptionesque
352 2526 490 2578 sociorum
507 2532 535 2578 et
550 2526 663 2591 civium,
673 2526 739 2578 hinc
755 2541 841 2595 opum
856 2525 952 2577 nimia-

108 2624 170 2659 rum
183 2606 326 2676 potentiae
340 2623 395 2658 non
410 2605 549 2674 ferendae,
559 2610 701 2676 postremo
717 2606 802 2659 etiam
814 2605 844 2656 in
857 2604 953 2657 liberis

109 2688 272 2740 civitatibus
282 2687 419 2756 regnandi
428 2687 567 2739 exsistunt
579 2686 757 2755 cupiditates,
768 2686 870 2753 quibus
880 2684 952 2736 nihil

109 2784 160 2819 nec
182 2768 298 2820 taetrius
320 2784 370 2819 nec
392 2767 502 2820 foedius
524 2767 680 2835 excogitari
702 2771 802 2836 potest.
840 2766 952 2818 Emolu-

108 2854 202 2900 menta
217 2848 290 2900 enim
309 2864 398 2900 rerum
417 2848 565 2900 fallacibus
583 2847 697 2899 iudiciis
713 2847 818 2912 vident,
831 2863 951 2915 poenam
1021 2858 1025 2868 “

108 2944 166 2979 non
188 2929 253 2980 dieo
273 2930 375 2996 legum,
389 2944 458 2996 quas
480 2944 562 2997 saepe
583 2934 775 2996 perrumpunt,
792 2927 841 2979 sed
859 2926 952 2995 'ipsius

108 3009 300 3076 turpitudinis,
319 3025 391 3075 quae
416 3008 593 3060 acerbissima
618 3013 742 3073 estnon
761 3008 869 3061 vident.
909 3010 950 3061 37.

109 3086 199 3150 Quam
209 3089 312 3139 obrem
323 3089 378 3140 hoo
386 3088 501 3155 quidem
509 3087 724 3140 deliberantium
734 3104 823 3156 genus
831 3088 952 3157 pellatur

109 3181 124 3215 e
139 3167 311 3220 medio—est
326 3168 399 3220 eninr
415 3173 506 3220 totum
521 3169 686 3221 sceleratum
701 3172 730 3220 et
744 3167 951 3237 impium-qui
