2242 3542
88 118 90 120 ’
118 151 167 198 rso
432 146 483 196 nn
498 144 650 196 orrrorrs

95 247 100 320 q
116 238 176 286 tare
189 238 218 285 et
229 231 260 284 in
273 230 427 285 solitudine
439 247 533 285 secum
543 230 624 297 loqui
636 228 749 282 solitum
763 231 794 281 ut
807 245 897 298 neque
906 247 961 286 ces·

97 361 99 384 ,
117 318 190 366 saret
201 328 334 380 umquam
349 317 378 365 et
389 312 532 365 interdum
546 310 689 377 colloquio
704 309 818 362 alterius
830 327 888 363 non
900 328 961 382 ege-

96 387 99 416 ⁷
116 399 166 448 ret.
203 394 302 461 Itaque
313 392 386 445 duae
395 408 446 460 res,
458 407 529 460 quae
539 392 704 461 languorem
713 389 844 443 adferunt
854 393 961 463 ceteris,

116 474 197 526 illum
212 474 358 540 acuebant,
372 472 463 525 otium
477 478 506 525 et
523 472 655 526 solitudo.
686 472 794 527 Vellem
809 473 961 527 nobishoc

114 554 192 607 idem
207 570 271 607 rere
290 553 383 607 dicere
399 553 504 621 liceret,
517 552 567 606 sed
582 552 606 605 si
621 552 714 605 minus
727 550 886 605 imitatione
901 558 961 606 tan-

114 638 173 686 tam
183 633 291 703 ingenii
299 633 498 702 praestantiam
508 632 642 701 consequi
652 647 806 701 possumus,
814 633 960 687 voluntate

114 719 189 767 certe
198 713 324 783 proxime
334 713 501 768 accedimus.
535 711 960 781 Nemetarepublicaforensi·

114 794 221 861 busque
242 793 364 863 negotiis
386 794 469 847 armis
490 793 586 863 impiis
604 793 687 861 vique
712 792 849 861 prohibiti
871 794 961 848 otium

113 874 307 943 persequimur
318 879 347 926 et
359 874 396 926 ob
410 890 471 927 eam
483 890 595 927 causam
610 873 678 925 urbe
694 872 791 925 relicta
806 890 870 927 rura
882 891 960 944 pera-

113 960 226 1024 grantes
238 971 321 1024 saepe
332 955 385 1007 soli
399 970 502 1009 sumus.
540 958 566 1007 2.
583 954 639 1007 Sed
653 970 706 1005 neo
721 954 775 1007 hoc
791 954 879 1007 otium
895 970 959 1009 cum

112 1035 239 1088 Afiicani
253 1036 312 1089 otio
327 1051 380 1087 nec
398 1035 467 1088 haec
485 1034 610 1087 solitudo
629 1050 693 1086 cum
708 1033 757 1086 illa
772 1036 959 1103 comparanda

113 1121 162 1170 est.
199 1118 250 1169 Ille
264 1116 338 1169 enim
350 1116 526 1183 requiescens
539 1114 607 1167 arei
619 1114 748 1183 publicae
763 1115 959 1183 pulcherrimis

111 1197 273 1249 muneribus
291 1196 381 1249 otium
400 1196 454 1247 sibi
474 1195 603 1248 sumebat
622 1194 777 1261 aliquando
797 1200 824 1247 et
840 1212 856 1248 e
876 1202 959 1251 coetu

112 1277 259 1329 hominum
268 1275 485 1344 frequentiaque
494 1275 636 1327 interdum
649 1281 792 1343 tamquam
802 1275 832 1327 in
844 1281 958 1345 portum

112 1374 141 1409 se
160 1358 189 1410 in
209 1357 392 1410 solitudinem
410 1350 571 1425 redipiehat.
609 1356 743 1408 Nostrum
759 1362 853 1408 autern
867 1357 958 1410 otium

111 1438 220 1507 negotii
239 1438 344 1508 inopia,
360 1454 417 1489 non
442 1436 636 1505 requiescendi
657 1436 753 1489 studio
773 1436 959 1490 constitutum·

112 1525 161 1572 est.
199 1519 347 1571 Exstincto
369 1518 442 1570 enim
464 1524 561 1570 senatu
582 1516 736 1585 deletisque
755 1515 870 1570 iudiciis
886 1518 957 1585 quid

112 1603 154 1650 est
167 1600 245 1666 quod
261 1600 380 1668 dignum
395 1598 477 1650 nobis
492 1598 585 1650 autin
600 1597 677 1649 curia
693 1596 786 1649 autin
801 1596 862 1650 foro
875 1614 956 1667 agere

111 1680 267 1747 possimus?
304 1682 328 1732 3.
345 1680 442 1746 Itaque
457 1678 548 1745 quiin
561 1676 683 1729 maxima
698 1677 858 1729 celebritate
872 1682 957 1746 atque

110 1759 141 1810 in
161 1758 250 1810 oculis
269 1758 373 1811 civium
389 1758 531 1826 quondam
547 1758 708 1824 vixerimus,
723 1774 799 1811 nune
817 1758 957 1828 fugientes

110 1844 291 1907 conspectum
303 1840 505 1905 sceleratorum,
514 1837 617 1905 quibus
628 1838 722 1890 omnia
733 1839 899 1905 redundant,
910 1842 956 1892 ab

110 1918 204 1970 dimus
213 1935 264 1971 nos
273 1924 407 1988 quantum
420 1918 486 1971 licet
496 1922 524 1971 et
534 1934 616 1987 saepe
627 1917 679 1970 soli
690 1935 790 1973 sumus.
820 1920 957 1987 Sed,quia

110 1999 150 2051 sie
171 2000 207 2051 ab
228 2000 390 2053 hominibus
412 1998 504 2052 doctis
526 1998 692 2067 accepimus,
707 2002 788 2051 “non
810 2000 899 2052 solum
921 2018 956 2055 ex

88 2063 100 2160 il
109 2080 190 2132 malis
205 2080 306 2149 eligere
322 2080 437 2132 minima
453 2084 588 2148 oportere,
599 2079 648 2131 sed
661 2078 745 2133 etiam
761 2096 907 2149 excerpere
921 2098 956 2134 ex

88 2177 100 2214 r
109 2160 154 2213 his
166 2161 242 2229 ipsis,
253 2161 276 2213 si
290 2160 359 2230 quid
372 2160 474 2213 inesset
489 2158 582 2226 boni,”
594 2164 741 2228 propterea
757 2165 785 2212 et
800 2160 858 2213 otio
870 2160 955 2231 fruor,

110 2258 167 2293 non
179 2242 229 2293 illo
242 2242 365 2308 quidem,
376 2257 432 2309 quo
446 2241 568 2293 debebat
581 2240 611 2307 is,
624 2240 671 2306 qui
683 2242 826 2309 quondam
835 2243 956 2311 peperis-

110 2326 152 2374 set
161 2321 249 2373 otium
260 2321 376 2386 civitati,
387 2337 438 2373 nee
451 2338 511 2373 eam
522 2320 703 2373 solitudinem
714 2322 846 2391 languere
856 2323 954 2392 patior,

110 2418 195 2470 quarn
210 2402 281 2453 mihi
295 2401 385 2454 adfert
398 2401 555 2469 necessitas,
567 2418 624 2453 non
638 2403 775 2455 voluntas.
813 2405 837 2457 4.
855 2403 956 2468 Quam·

110 2498 195 2549 quam
204 2481 353 2535 Africanus
363 2482 494 2534 maiorem
508 2482 619 2535 laudem
630 2499 692 2535 meo
703 2482 810 2535 iudicio
823 2484 955 2551 adseque-

109 2562 199 2616 batur.
237 2564 324 2615 Nulla
339 2562 413 2614 enim
429 2562 488 2614 eius
502 2562 611 2631 ingenii
626 2568 807 2617 monumenta
823 2565 955 2617 mandata

109 2642 219 2709 litteris,
237 2644 346 2695 nullum
368 2658 439 2712 opus
461 2642 519 2710 otii,
538 2644 648 2695 nullum
672 2644 834 2696 solitudinis
855 2660 955 2697 munus

96 2727 217 2798 ,exstatx
236 2739 271 2775 ex
284 2739 341 2792 quo
353 2722 480 2791 intellegi
493 2723 578 2775 debet
590 2723 671 2775 illurn
685 2724 787 2776 mentis
800 2724 953 2793 agitatione

99 2802 382 2874 investigationeque
395 2819 489 2855 earum
502 2819 601 2868 rerum,
613 2819 682 2872 quas
695 2804 848 2872 cogitando
862 2821 955 2857 conse·

98 2885 255 2951 tquebatur,
268 2899 358 2951 neque
379 2883 499 2936 otiosum
521 2899 573 2936 neo
595 2885 686 2935 solum
707 2899 841 2952 umquam
861 2884 953 2938 tuisse.

109 2964 170 3016 Nos
180 2970 280 3030 autem,
290 2962 339 3030 qui
350 2979 408 3015 non
417 2968 528 3016 tantum
538 2964 645 3016 roboris
655 2963 799 3032 habemus,
806 2970 840 3017 ut
850 2965 955 3034 cogita-

108 3042 186 3095 tione
194 3042 279 3096 tacita
287 3060 303 3095 a
311 3041 464 3094 solitudine
473 3043 674 3110 abstrahamur,
684 3044 720 3095 ad
731 3044 805 3097 hanc
812 3044 954 3098 scribendi

109 3138 222 3193 operam
235 3138 316 3177 omne
329 3122 456 3179 studium
464 3138 615 3196 curamque
629 3124 825 3181 convertimus.
853 3126 953 3198 Itaque
