2242 3542
31 60 55 86 e
79 11 132 88 aa
149 13 338 97 aruritae„
348 5 504 104 uam-qa·

144 138 192 184 124
454 134 505 183 DE
522 132 676 184 currens

143 218 227 289 diligi
241 234 293 272 neo
310 218 429 272 alienius
446 234 530 287 quarn
544 217 644 271 timeri.
681 216 824 270 Praeclare
840 214 916 268 enim
929 216 982 269 rn-

142 316 219 352 mus:

142 428 223 484 Quem
241 429 362 542 rrrtepuunt
379 430 504 475 oderunt:
527 441 603 487 quem
621 428 728 487 quisque
748 428 804 474 odit
821 428 926 486 periisse
943 441 984 474 ex·

228 508 261 554 pe
274 510 282 541 1
296 532 302 542 .

141 618 295 669 Multorum
314 622 407 670 autem
422 617 496 670 odiis
515 618 607 669 nullas
623 633 690 685 opes
704 632 785 685 posse
803 614 945 682 obsistere,
959 616 983 670 si

141 702 224 749 antea
245 696 300 750 suit
320 698 459 767 ignotum,
474 714 564 766 nuper
584 701 626 749 est
647 696 800 765 cognitum.
837 697 898 749 Neo
918 712 983 748 vero

142 778 225 829 huius
246 778 359 845 tyranni
381 779 480 847 solum,
498 794 582 846 quem
604 777 687 831 armis
712 793 843 847 oppressa
866 776 983 845 pertulit

141 858 241 913 civitas
263 864 399 927 paretque
420 874 485 911 eum
507 857 627 911 maxime
648 856 767 924 mortue,
785 856 915 910 interitus
937 857 983 910 de·

141 938 229 991 clarat
250 945 387 1005 quantum
409 939 508 991 odium
529 933 675 991 hominum
696 939 789 991 valeat
810 938 847 990 ad
867 942 983 1006 pestem,

142 1020 192 1071 sed
216 1019 390 1087 reliquorum
404 1019 520 1071 ,similes
544 1018 636 1071 exitus
658 1020 848 1085 tyrannorum,
866 1033 985 1084 quorum

142 1099 218 1151 haud
236 1100 292 1152 fere
313 1100 463 1168 quisquam
482 1099 626 1151 interitum
645 1100 731 1151 talem
751 1097 856 1167 effugit.
893 1098 985 1149 Malus

73 1228 84 1248 v
141 1179 216 1231 enim
235 1182 278 1231 est
296 1185 389 1231 eustos
408 1179 603 1232 diuturnitatis
621 1184 719 1247 metus,
732 1183 884 1246 contraque
903 1178 985 1229 bene·

141 1258 265 1312 volentia
276 1258 369 1312 fidelis
381 1260 427 1311 rel
439 1260 476 1311 ad
489 1260 715 1329 perpetuitatem.
750 1260 791 1311 24.
813 1258 870 1311 Sed
880 1257 925 1325 iis,
936 1256 986 1325 qui

141 1339 170 1390 vi
185 1355 330 1408 oppressos
342 1339 461 1408 imperio
474 1346 611 1401 coercent,
625 1340 662 1392 sit
675 1355 739 1391 sane
752 1338 915 1391 adhibenda
928 1354 984 1390 sae·

142 1420 218 1487 vitia,
232 1424 264 1472 ut
276 1420 351 1473 heris
366 1421 396 1472 in
408 1420 537 1487 famulos,
548 1420 572 1472 si
585 1420 666 1471 aliter
678 1418 767 1472 teneri
781 1435 838 1471 non
850 1423 983 1488 possunt:

142 1500 271 1567 quivero
289 1500 320 1552 in
339 1501 427 1553 libera
446 1500 560 1553 civitate
579 1500 619 1552 ita
637 1517 665 1552 se
683 1500 834 1567 instruunt,
847 1504 880 1551 ut
897 1502 985 1551 metu-

141 1587 231 1645 antur,
244 1580 280 1631 iis
295 1581 368 1632 nihil
380 1587 473 1649 potest
489 1597 545 1633 esse
562 1581 727 1633 dementius.
766 1579 899 1645 Quamvis
912 1579 985 1631 enirn

141 1660 198 1712 siut
210 1660 351 1713 demersae
365 1662 440 1730 leges
453 1661 570 1713 alicuius
583 1661 691 1730 opibus
705 1660 833 1728 quamvis
845 1659 986 1712 timefacta

142 1740 264 1808 libertas,
278 1747 425 1809 emergunt
439 1745 532 1792 tamen
550 1742 621 1793 haec
639 1740 792 1808 aliquando
811 1747 859 1793 aut
873 1740 986 1793 iudiciis

142 1820 236 1873 tacitis
251 1826 301 1873 aut
314 1820 433 1873 occultis
447 1822 482 1873 de
494 1822 600 1874 honore
613 1822 759 1891 suffragiis.
796 1822 925 1887 Acriores
940 1837 986 1873 au-

142 1907 199 1954 tem
211 1918 320 1953 morsus
334 1906 401 1955 sunt
412 1901 585 1954 intermissae
600 1901 739 1954 libertatis
755 1918 838 1969 quarn
853 1906 984 1955 retentae.

143 1983 226 2048 Quod
245 1984 335 2051 igitur
353 1983 487 2036 latissime
505 1988 585 2052 patet
602 1999 693 2051 neque
712 1983 750 2036 ad
765 1974 987 2035 incolumitatem

142 2064 240 2129 solum,
258 2064 308 2115 sed
329 2064 471 2136 etiamad
491 2080 559 2133 opes
582 2068 610 2115 et
630 2063 785 2132 potentiam
805 2064 881 2116 valet
900 2062 986 2133 pluri·

142 2160 227 2210 mum,
240 2143 271 2196 id
291 2146 499 2213 amplectamur,
513 2149 545 2196 ut
564 2149 655 2196 metus
674 2144 755 2212 absit,
768 2144 869 2196 caritas
887 2144 987 2196 retine·

143 2230 212 2277 atur.
250 2225 295 2276 lta
309 2224 442 2276 facillime
459 2241 529 2292 quae
545 2227 671 2278 volemus
686 2229 714 2277 ct
728 2224 844 2316 privatis
858 2224 889 2275 in
904 2225 987 2277 rebus

143 2304 215 2355 etin
231 2320 259 2355 re
278 2304 393 2373 publica
411 2321 621 2371 consequemur
657 2306 695 2356 Et
684 2305 770 2356 tenim
786 2305 834 2371 qui
853 2321 881 2357 se
899 2304 988 2357 metui

129 2347 159 2412 i
86 2385 246 2460 volent,
262 2400 278 2434 a
297 2384 400 2450 quibus
418 2390 585 2452 metuentur,
598 2386 712 2437 eosdem
731 2402 774 2437 me
776 2385 879 2438 tu'ant
871 2385 926 2454 ipsi
940 2402 986 2438 ne-

129 2465 217 2515 {cesse
233 2468 282 2515 est.
321 2467 362 2517 25
384 2464 459 2529 Quid
475 2465 550 2517 enim
566 2481 710 2518 censemus
725 2466 894 2556 superiorem
906 2466 987 2518 illurn

129 2543 319 2612 ¹Dionysium,
337 2560 393 2611 quo
418 2545 543 2597 cruciatu
565 2545 674 2598 timoris
695 2546 762 2614 angi
784 2547 916 2599 solitum?
938 2548 986 2614 qui

143 2625 249 2683 cultros
263 2629 390 2677 metuens
404 2626 543 2678 tonsorios
562 2628 685 2679 candent
687 2643 701 2679 e
674 2626 836 2679 tcarbone
851 2627 906 2679 sibi
920 2628 987 2679 adu·

128 2704 222 2756 {rebat
249 2704 402 2773 capillum?
432 2705 503 2773 quid
527 2705 722 2758 Alexandrum
749 2708 910 2770 Pheraeum,
931 2722 987 2774 quo

143 2784 237 2835 animo
253 2784 357 2837 vixisse
377 2786 564 2839 arbitramur?
583 2787 640 2854 qui,
654 2792 686 2839 ut
704 2786 839 2855 seriptum
857 2788 984 2855 legimus.
1026 2838 1027 2841 ,

143 2880 207 2915 cum
227 2880 341 2915 uxorem
363 2866 479 2916 Theben
502 2865 658 2917 admodum
681 2866 819 2934 diligeret,
836 2875 928 2919 tamen
951 2867 986 2918 ad

143 2958 204 2995 eam
220 2960 255 2994 ex
271 2944 361 3011 epulis
377 2948 404 2995 in
420 2944 583 2996 cubiculum
597 2945 710 2997 veniens
724 2946 871 2997 barbarum
884 2952 911 2997 et
924 2962 987 2997 eum

144 3021 267 3089 quidem,
280 3027 313 3073 ut
327 3023 463 3091 seriptum
478 3029 529 3091 est,
543 3028 743 3092 compunctum
759 3025 832 3076 notis
845 3026 987 3077 Thraeciis

144 3100 278 3153 destricto
296 3101 395 3171 gladio
413 3102 532 3155 iubebat
552 3103 659 3155 anteire
678 3103 930 3173 praemittebatque
951 3106 987 3161 de
