2242 3542
133 150 182 197 144
444 148 494 199 DE
511 148 666 197 omens

132 232 195 285 niae
212 231 328 299 invexit,
341 236 374 285 ut
392 231 477 285 unius
493 230 669 300 imperatoris
683 230 788 299 praeda
801 230 887 283 finem
905 237 976 285 atto*

132 313 196 365 lerit
213 312 390 366 tributorum.
427 313 466 365 At
484 312 532 365 hic
552 312 626 363 nihil
646 312 761 365 domum
781 326 861 364 suam
879 312 977 366 intulit

132 398 242 462 praeter
250 394 411 445 memoriam
421 393 542 445 nominis
552 392 755 461 sempiternam.
790 392 920 447 Imitatus
930 410 977 463 pa-

133 481 202 526 trem
219 473 367 526 Africanus
385 474 476 526 nihilo
495 472 662 542 locupletior
677 472 854 541 Karthagine
874 490 976 527 eversa

133 555 229 621 Quidl
248 554 297 622 qui
316 556 376 607 eius
394 555 503 625 collega
519 553 574 606 fuit
592 554 623 607 in
640 568 756 606 censura
772 554 803 607 L.
816 554 977 620 Mummius,

133 652 200 687 num
214 635 284 703 quid
298 634 445 704 copiosior,
456 650 521 688 cum
537 634 759 708 copiosissimam
774 634 872 686 urbem
884 634 978 687 fundi-

132 721 179 767 tus
197 715 373 768 sustulisset?
410 714 522 768 Italiam
541 730 639 766 ornare
659 729 744 782 quam
763 714 880 767 domum
899 730 978 767 suam

133 795 239 848 maluit.
277 796 453 863 Quamquam
463 794 546 847 Italia
558 800 657 847 ornata
671 794 772 847 domus
783 794 844 863 ipsa
856 794 927 847 mihi
937 795 978 847 vi-

133 876 217 927 detur
228 876 359 931 ornatior.
397 879 440 930 77.
456 876 575 941 Nullum
587 874 676 945 igitur
685 874 786 929 vitium
798 875 914 929 taetrius
926 881 977 944 est,

133 961 166 1007 ut
180 972 222 1022 eo,
234 958 311 1011 unde
330 972 442 1025 egressa
460 961 511 1022 est,
520 955 621 1008 referat
635 972 663 1007 se
679 955 777 1022 oratio,
790 971 876 1022 quom
891 956 978 1008 avari-

134 1036 182 1102 tia,
193 1036 353 1105 praesertim
368 1037 398 1088 in
413 1036 593 1105 principibus
606 1040 635 1089 et
646 1052 705 1089 rem
719 1036 862 1105 publicam
878 1036 978 1105 guberss

133 1117 273 1171 nantibus.
310 1117 421 1169 Habere
441 1117 515 1169 enim
534 1116 664 1184 quaestui
681 1133 740 1169 rem
758 1116 902 1186 publicam
921 1133 979 1169 non

133 1198 220 1249 modo
241 1202 322 1265 turpe
345 1204 395 1264 est,
415 1198 465 1251 sed
487 1198 653 1250 sceleratum
674 1197 760 1249 etiam
784 1202 813 1249 et
834 1195 977 1251 nefarium.

134 1278 234 1344 Itaque
249 1278 327 1344 quod
341 1278 446 1346 Apollo
461 1276 583 1345 Pythius
601 1278 744 1330 oraculum
760 1277 859 1344 edidit,
873 1280 888 1307 “
898 1278 979 1347 Spar·

134 1364 192 1410 tam
205 1358 283 1409 nulla
294 1373 324 1411 re
336 1358 392 1410 alia
405 1357 459 1409 nisi
472 1357 590 1411 avaritia
602 1373 660 1410 csse
673 1357 851 1426 perituram,”
860 1357 892 1411 id
901 1358 979 1412 vidc-

134 1441 181 1488 tur
193 1454 250 1490 non
262 1440 352 1490 solum
361 1438 599 1505 Lacedaemoniis,
609 1438 659 1491 scd
671 1438 756 1491 etiam
769 1438 899 1491 omnibus
911 1455 979 1508 opu·

135 1519 219 1571 lentis
234 1519 345 1588 populis
358 1519 538 1588 praedixisse.
576 1520 663 1573 Nulla
678 1524 773 1571 autem
785 1535 814 1571 re
830 1519 979 1572 conciliare

134 1597 245 1651 facilins
262 1598 484 1653 benevolentiam
499 1598 689 1652 multitudinis
705 1604 821 1669 possunt
833 1598 863 1664 ii,
874 1599 924 1667 qui
938 1599 979 1651 rei

135 1679 265 1748 publicae
286 1683 426 1747 praesunt,
446 1694 531 1747 quam
552 1680 723 1733 abstinentia
748 1684 776 1733 et
796 1680 978 1733 continentia.

136 1761 178 1811 78.
195 1758 250 1824 Qui
266 1774 331 1811 vero
350 1774 379 1810 se
393 1760 544 1828 populares
557 1762 658 1813 volunt
676 1760 714 1812 ob
733 1776 849 1829 eamque
867 1760 979 1813 causam

136 1844 185 1891 aut
203 1838 340 1908 agrariam
358 1854 417 1891 rem
435 1845 584 1909 temptant,
597 1845 630 1893 ut
647 1856 820 1909 possessores
837 1841 980 1910 pellantur

136 1919 194 1972 snis
208 1919 324 1972 sedibus
339 1923 390 1971 aut
401 1920 536 1988 pecunias
550 1920 671 1973 creditas
686 1920 861 1974 debitoribus
876 1920 980 1973 condo·

136 2001 245 2053 nandas
264 2004 375 2069 putant,
391 1999 563 2053 labefactant
580 2000 764 2054 fundamenta
782 2000 822 2054 rei
840 2001 979 2070 publicae,

137 2081 317 2134 concordiam
335 2081 466 2149 primum,
480 2097 551 2148 quae
571 2097 629 2134 esse
647 2098 705 2133 non
719 2086 820 2151 potest,
834 2097 898 2135 cnm
917 2082 980 2135 aliis

136 2162 309 2229 adimuntur,
323 2162 386 2213 aliis
401 2163 598 2215 condonantur
611 2162 754 2231 pecuniae,
768 2162 873 2216 deinde
887 2161 980 2231 aequi-

136 2246 231 2310 tatem,
239 2258 311 2309 quae
323 2241 433 2294 tollitur
447 2242 546 2308 omnis,
556 2242 581 2293 si
593 2242 695 2295 habere
710 2258 791 2296 suum
806 2242 908 2311 cuique
922 2260 980 2296 non

136 2323 211 2376 licet.
248 2322 282 2374 Id
301 2322 375 2374 enim
395 2327 437 2375 est
451 2323 603 2391 proprium,
618 2327 652 2375 ut
670 2339 753 2392 supra
772 2323 842 2390 (lixi,
855 2323 980 2377 civitatis

137 2407 221 2470 atquc
234 2403 318 2467 urbis,
328 2408 360 2453 ut
373 2402 410 2453 sit
420 2402 506 2454 libero
518 2408 547 2455 et
558 2419 616 2455 non
629 2403 750 2455 sollicita
762 2420 827 2456 suae
839 2403 879 2456 rei
890 2403 980 2456 cuius·

116 2505 121 2536 r
138 2498 192 2551 que
205 2481 340 2533 custodia.
379 2483 421 2535 79.
438 2483 531 2550 Atque
544 2485 574 2533 in
590 2484 643 2535 hac
657 2482 780 2552 pernicie
795 2483 836 2536 rei
851 2483 980 2553 publicae

138 2562 266 2614 ncillam
281 2560 397 2627 quidem
413 2569 622 2630 consequuntur
634 2579 719 2630 quam
733 2568 835 2632 putant
850 2563 979 2633 gratiam.

137 2644 203 2695 Non
215 2641 261 2695 oui
274 2657 317 2693 res
329 2646 425 2710 crepta
437 2646 479 2695 est
491 2646 533 2695 est
542 2642 687 2695 inimicus:
704 2644 749 2695 cni
762 2645 829 2696 (lata
842 2650 884 2697 est
895 2644 981 2696 etiam

138 2722 297 2775 dissimulat
311 2738 341 2773 se
355 2722 480 2790 accipere
495 2724 617 2775 voluisse
633 2731 661 2775 et
673 2724 794 2776 niaxime
808 2723 838 2775 in
853 2722 981 2793 pecuniis

138 2802 252 2856 creditis
270 2803 393 2855 occultat
411 2818 492 2854 suurn
510 2802 655 2871 gaudium,
668 2820 703 2856 ne
718 2804 848 2857 videatur
866 2820 922 2857 non
939 2802 981 2855 fu-

138 2883 191 2935 isse
210 2883 353 2935 solvcndo.
389 2881 429 2934 At
446 2898 512 2936 vero
530 2882 587 2949 ille,
600 2883 650 2951 qui
668 2884 778 2953 accepit
795 2883 934 2950 iniuriam,
952 2888 981 2935 et

137 2963 266 3015 meminit
284 2967 311 3015 et
326 2979 394 3031 prae
412 2979 441 3015 se
456 2963 510 3015 fert
525 2964 652 3016 dolorem
671 2980 759 3031 auum,
773 2981 832 3031 nec,
846 2965 870 3017 si
886 2966 982 3034 plures

138 3048 204 3095 sunt
222 3043 251 3112 ii,
265 3042 367 3110 quibus
385 3042 511 3112 improbe
531 3044 630 3096 datum
649 3048 796 3111 estonam
813 3045 982 3113 iniquibus

138 3120 241 3174 iniuste
254 3123 416 3190 ademptum
430 3127 478 3188 est,
488 3122 594 3175 idcirco
603 3124 668 3192 plus
681 3124 765 3176 etiam
774 3126 876 3178 valent.
915 3127 981 3178 Non
