2242 3542
324 142 391 190 LIB.
408 141 470 201 ΙΙΙ.,
485 139 564 189 CAP.
581 139 617 187 11.
635 138 696 198 ΙΙΙ.,
712 137 809 197 §7-15.
947 140 993 187 153
1073 156 1077 163 ’

147 243 203 295 eos,
213 224 262 294 qui
275 224 397 294 primum
410 224 478 275 haec
490 227 591 275 natura
604 221 782 275 cohaerentia
794 218 927 289 opinione
937 221 993 273 dis·

148 307 305 362 traxissent.
339 304 392 357 Cui
407 304 521 373 quidem
536 303 578 356 ita
593 306 657 355 sunt
674 302 762 355 Stoici
777 300 896 369 adsensi,
910 307 943 353 ut
957 308 993 369 et,

148 387 290 457 quidquid
305 388 454 437 honestum
472 388 552 450 esset,
566 383 685 435 id-utile
705 398 764 435 esse
783 388 928 435 censerent
942 398 993 434 nec

148 469 218 521 utile
233 468 387 536 quidquam
403 467 481 534 quod
499 482 557 517 non
577 465 734 517 honestum.
771 466 812 517 12.
830 464 914 529 Quod
932 464 955 515 si
970 463 994 515 is

149 554 222 603 esset
236 548 396 613 Panaetius,
409 547 459 615 qui
473 546 609 600 virtutem
624 550 772 614 propterea
790 545 937 597 colendam
953 543 994 596 di-

149 633 231 697 caret,
241 628 318 697 quod
331 644 363 681 ea
375 626 496 679 efficiens
509 625 735 693 utilitatisesset,
746 631 779 676 ut
790 624 820 692 ii,
831 625 880 693 qui
893 640 935 677 res
948 640 994 676 ex-

149 710 286 779 petendas
292 709 338 762 vel
347 710 493 776 voluptate
503 708 548 760 vel
558 706 716 759 indolentia
726 705 887 772 metiuntur,
898 706 995 757 liceret

150 790 282 842 eidieere
294 789 446 841 utilitatem
457 786 611 854 aliquando
625 803 689 840 cum
702 788 847 839 honestate
861 802 993 855 pugnare.
1008 797 1011 839 l

151 869 216 935 Sed,
226 885 290 921 cum
305 870 342 921 sit
353 869 386 936 ie,
397 868 446 936 qui
460 868 493 920 id
507 869 599 920 solum
613 867 718 919 bonum
732 866 847 933 iudicet,
857 868 933 934 quod
947 867 995 917 ho-

149 954 259 1002 nestum
272 949 316 1016 sit,
327 965 398 1017 quae
411 954 503 1000 autem
516 948 583 1000 huic
595 952 753 1017 repugnent
767 946 859 1016 specie
872 947 995 1013 quadam

150 1029 289 1098 utilitatis,
299 1045 394 1081 eorum
408 1044 498 1096 neque
510 1028 668 1080 accessione
683 1028 827 1079 meliorem
837 1026 924 1080 vitam
936 1026 995 1079 fieri

150 1127 202 1163 nec
212 1110 374 1163 decessione
383 1108 514 1177 peiorem,
523 1125 581 1161 non
589 1109 702 1162 videtur
711 1108 839 1175 debuisse
849 1107 908 1159 eius
918 1106 996 1159 modi

151 1190 382 1243 deliberationem
390 1190 576 1258 introducere,
584 1190 615 1243 in
625 1206 681 1259 qua
689 1189 766 1259 quod
776 1190 844 1242 utile
852 1188 996 1242 videretur

151 1288 265 1338 cumae,
276 1272 354 1339 quod
363 1272 511 1323 honestum
521 1276 570 1337 est,
580 1276 793 1340 compararetur.
827 1272 868 1322 13.
883 1268 995 1321 Etenim

152 1354 229 1421 quod
244 1359 382 1405 summum
398 1352 503 1403 bonurn
522 1368 539 1403 a
558 1352 660 1404 Stoicis
673 1352 785 1418 dieitur,
799 1346 996 1403 convenienter

151 1440 267 1485 naturae
285 1434 388 1500 vivere,
400 1432 432 1484 id
450 1433 536 1485 habet
555 1433 635 1497 hanc,
649 1438 681 1483 ut
699 1432 807 1500 opinor,
821 1430 995 1497 sententiam,

151 1530 217 1566 cum
232 1513 336 1565 virtute
352 1528 503 1581 congruere
520 1528 637 1581 semper,
649 1517 739 1564 cetera
754 1515 855 1577 autem,
870 1526 940 1579 quae
955 1526 997 1562 se·

152 1596 278 1648 cundum
296 1599 424 1646 naturam
444 1593 597 1660 assentite
614 1592 754 1661 legere,si
772 1608 804 1644 ea
822 1591 921 1645 virtuti
940 1608 995 1643 non

151 1679 348 1744 repugnarent.
382 1674 465 1740 Quod
483 1689 546 1725 eum
561 1674 602 1726 ita
617 1674 661 1740 sit,
674 1677 776 1742 putant
791 1672 908 1741 quidam
923 1674 996 1725 hanc

152 1754 390 1824 comparationem
405 1770 462 1807 non
477 1759 551 1807 reete
566 1754 756 1808 introductam
769 1770 820 1806 nec
833 1753 947 1806 omnino
960 1753 995 1806 de

152 1852 185 1888 eo
194 1852 293 1905 genere
302 1834 794 1904 quidquampraecipiendumfuisse.
819 1835 913 1903 Atque
923 1834 995 1886 illud

153 1917 268 1985 quidem
281 1917 437 1981 honestum,
449 1915 525 1982 quod
539 1914 652 1984 proprie
664 1931 785 1982 vereque
800 1914 911 1980 dicitur,
922 1914 953 1966 id
965 1914 996 1965 iu

153 1997 325 2066 sapientibus
343 2001 385 2050 est
403 1996 470 2049 solis
487 2012 578 2063 neque
597 2013 613 2049 a
628 1996 731 2049 virtute
751 1996 848 2049 divelli
863 2011 995 2063 umquam

153 2084 254 2148 potest,
267 2078 298 2130 iu
312 2078 348 2130 iis
363 2081 465 2142 autem,
477 2077 508 2128 in
523 2076 627 2145 quibus
646 2076 784 2145 sapientia
802 2075 925 2145 perfecta
939 2091 996 2127 non

153 2167 204 2227 est,
217 2160 310 2229 ipsum
334 2158 406 2211 illud
427 2158 543 2226 quidem
567 2156 720 2227 perfectum
745 2157 894 2209 honestum
918 2157 996 2209 uullo

153 2241 248 2305 modo,
262 2238 463 2292 similitudines
484 2238 596 2291 honesti
619 2254 676 2290 esse
701 2238 825 2307 possunt.
862 2238 902 2291 14.
919 2238 996 2289 Haec

154 2320 228 2373 euim
245 2318 363 2387 [omnia]
378 2318 476 2386 officia,
490 2319 526 2371 de
539 2319 642 2387 quibus
657 2318 701 2369 lris
715 2318 795 2370 libris
811 2317 995 2386 disputamus,

154 2401 248 2452 media
261 2399 349 2452 Stoici
361 2400 522 2468 appellant:
542 2416 574 2451 ea
589 2398 747 2451 communia
762 2403 827 2451 sunt
841 2403 869 2451 et
882 2400 936 2451 late
949 2414 997 2466 pa·

154 2487 222 2548 tent,
233 2496 305 2549 quae
315 2485 344 2533 et
352 2478 461 2548 ingenii
470 2480 595 2533 bonitate
606 2480 687 2532 multi
697 2480 888 2548 adsequuntur
898 2484 926 2531 et
935 2494 997 2547 pro·

154 2561 294 2630 gressione
304 2558 440 2613 discendi.
472 2560 547 2613 Illud
558 2566 653 2613 autem
663 2561 792 2625 officium,
803 2560 881 2629 quod
890 2564 996 2611 rectum

154 2641 241 2693 iidem
256 2642 409 2710 appellant,
419 2639 573 2708 perfectum
588 2646 673 2709 atque
688 2641 848 2693 absolutum
863 2644 904 2693 est
919 2645 954 2707 ct,
965 2643 997 2691 ut

154 2722 242 2775 iidem
257 2722 365 2788 dicunt,
379 2737 475 2772 ornnes
489 2737 618 2773 numeros
634 2722 718 2773 habet
732 2736 784 2773 nec
798 2726 907 2789 praeter
925 2720 997 2789 sapi-

156 2806 248 2854 entem
267 2802 367 2853 cadere
385 2800 414 2852 in
435 2816 603 2868 quemquam
622 2805 722 2869 potest.
758 2803 798 2853 15.
816 2802 885 2853 Cum
904 2807 996 2854 autem

156 2881 264 2949 aliquid
277 2886 371 2933 actum
385 2880 470 2932 estin
483 2897 539 2949 quo
554 2883 648 2934 media
663 2881 754 2933 officia
769 2885 955 2949 compareant,
966 2880 998 2933 id

156 2963 296 3014 cumulate
310 2960 424 3014 videtur
438 2978 496 3014 esse
511 2961 674 3031 perfectum,
687 2968 835 3031 propterea
850 2962 927 3029 quod
939 2962 998 3013 vul-

156 3058 209 3112 gus
219 3042 290 3111 quid
303 3042 376 3094 absit
389 3058 405 3093 a
416 3042 542 3110 perfecto
554 3059 611 3093 non
620 3041 676 3095 fere
689 3042 845 3110 intellegit:
862 3044 998 3107 quatenus

57 3124 60 3131 “
156 3128 249 3177 autem
257 3122 409 3190 intellegit,
416 3122 489 3174 nihil
498 3127 581 3190 putat
592 3122 830 3191 praetermissum:
846 3121 922 3189 quod
930 3120 998 3174 item
