2242 3542
368 131 532 180 LAELIUS.
570 131 647 180 cAP.
666 133 729 180 XX.
748 133 829 180 XXI.
991 135 1020 179 51

161 227 301 280 orumque
314 211 455 264 distantia.
492 214 531 267 75.
551 210 638 265 Recte
652 213 736 266 etiam
751 212 872 281 praecipi
886 214 980 279 potest
994 210 1022 262 in

166 288 295 342 amicitiis
316 305 351 341 ne
371 288 554 354 intemperata
576 289 712 356 quaedam
731 289 927 352 benevolentia,
945 286 1023 355 'quod

153 361 155 366 ’
166 381 298 435 persaepe
310 365 350 432 fit,
362 364 495 432 impediat
504 381 615 432 magnas
624 366 760 419 utilitates
770 367 926 419 canicorum.
964 363 989 416 N
992 379 1023 417 cc

166 441 249 508 enim,
261 443 292 494 ut
304 441 340 494 ad
351 439 457 493 fabulas
467 440 586 507 redeam,
596 439 706 507 Trojam
717 441 914 508 Neoptolemus
924 455 1023 507 capere

166 518 310 586 potuisset,
334 517 357 571 si
382 516 562 584 Lycomedem
586 518 660 585 apud
687 534 768 586 quem
795 520 855 570 erat
882 517 1022 582 educatus,

168 593 262 647 multis
286 611 347 648 cum
370 593 489 646 lacrimis
512 593 567 646 iter
590 610 670 646 suum
696 593 900 662 impedientem,
927 592 1023 644 amliro

96 715 99 724 .
166 673 313 736 voluisset;
326 675 355 725 et
366 688 448 738 saepe
461 670 585 724 incidunt
598 687 714 737 maguae
727 687 771 723 res
783 673 815 722 ut
824 669 1022 722 discedendum

168 749 205 802 sit
216 749 251 802 ab
264 748 374 802 amieis:
387 764 455 816 quas
468 747 515 814 qui
527 746 664 814 impedire
679 747 746 813 vult,
763 747 838 814 quod
855 745 1022 798 desiderium

166 841 219 878 non
236 825 316 877 faacile
332 825 411 888 ferat,
428 823 452 875 is
468 827 497 876 et
513 822 638 875 infirmus
654 826 698 876 est
713 822 858 890 mollisque
876 826 974 874 natura
993 824 1022 874 et

166 899 282 953 obeam
303 901 390 967 ipsam
411 915 519 952 causam
541 898 569 950 iu
590 899 711 952 amicitia
731 915 827 966 piarum
844 897 945 965 justus.
982 902 1022 953 76.

170 979 265 1044 Atque
281 977 308 1028 in
325 975 397 1026 oriani
414 991 444 1026 rc
461 973 687 1026 considerandum
706 977 795 1027 estet
813 973 881 1042 quid
899 973 1022 1042 postules

166 1051 203 1104 ab
215 1052 301 1105 amico
315 1055 344 1104 et
356 1050 423 1118 quid
436 1049 541 1118 patiare
554 1066 572 1102 a
583 1053 613 1104 te
625 1050 773 1118 inpetrari.

221 1127 299 1182 XXI,
318 1127 368 1180 Ilst
380 1127 462 1179 etiam
477 1127 553 1193 quasi
564 1125 699 1195 quaedam
707 1125 848 1179 calciantes
857 1124 884 1177 in
894 1124 1021 1179 amicitiis

165 1204 341 1257 dimittendis
359 1219 551 1270 nonuunquam
569 1202 721 1255 necessaria
732 1222 738 1265 ;
751 1201 810 1268 jain
827 1200 900 1254 enim
917 1217 934 1253 a
949 1201 1020 1269 sapi-

164 1281 271 1334 entium
296 1279 529 1332 familiaritatibus
555 1279 591 1332 ad
617 1278 744 1345 vulgares
769 1277 902 1331 amicitias
932 1277 1020 1330 oratio

166 1361 260 1410 nostra
273 1355 417 1409 delabitur.
454 1355 608 1422 Erumpunt
622 1371 704 1422 saepe
718 1355 785 1406 vitia
797 1353 945 1406 amicorum
960 1357 1019 1407 tum

165 1433 195 1484 in
208 1433 280 1497 ipsos
293 1431 392 1484 amieos
405 1435 464 1484 turn
477 1431 503 1483 in
517 1431 627 1496 alienos,
640 1446 755 1499 quorum
769 1434 860 1482 tannen
872 1429 908 1481 ad
920 1428 1020 1482 anticos

166 1508 304 1560 redundet
316 1507 436 1560 infantia.
455 1507 533 1560 'l'ales
545 1506 631 1574 igitur
643 1505 779 1558 amicitiae
789 1509 853 1557 sunt
862 1505 1020 1558 remissione

101 1627 105 1635 ,
166 1601 232 1636 usus
245 1583 384 1650 eluendae,
398 1587 434 1648 ct,
448 1587 479 1636 ut
492 1583 625 1636 Catonem
637 1581 729 1634 dicore
741 1580 840 1647 audivi,
854 1580 1018 1634 dissuendae

166 1661 253 1728 magis
279 1677 360 1728 quarn
391 1659 600 1722 discindendae;
629 1658 679 1711 nisi
709 1657 844 1725 quaedam
873 1657 1019 1709 admodum

165 1737 345 1790 intolerabilis
365 1735 465 1803 injuria
484 1735 627 1803 exarserit,
645 1739 677 1788 ut
693 1751 783 1802 neque
803 1738 908 1786 rectum
932 1749 1020 1800 neque

166 1811 311 1867 honestum
322 1813 357 1866 sit
366 1829 416 1865 uec
429 1811 487 1864 fieri
500 1812 587 1879 possit
599 1815 630 1864 ut
644 1827 698 1863 oon
714 1810 807 1862 statim
825 1809 951 1862 alienatio
968 1808 1021 1860 dis

162 1887 324 1956 ,junctioque
337 1887 461 1941 facienda
477 1887 520 1940 sit.
564 1893 603 1943 77.
622 1887 671 1940 Sin
686 1891 778 1939 autem
792 1889 841 1938 aut
855 1901 961 1937 morum
973 1890 1020 1936 ant

165 1964 321 2018 studiorum
334 1964 509 2016 commutatio
522 1963 664 2030 quaedam,
676 1965 708 2014 ut
720 1962 780 2014 lieri
793 1961 869 2025 solet,
879 1962 951 2013 facta
960 1961 1020 2028 erit,

164 2043 216 2092 aar
227 2041 254 2092 in
264 2040 305 2092 rei
314 2039 438 2107 publicae
448 2037 573 2106 partibus
582 2038 714 2090 dissensio
721 2037 915 2102 intercesserit,
925 2036 1021 2103 loquor

165 2116 240 2168 enim
248 2115 315 2181 jam,
328 2117 359 2166 ut
371 2113 460 2180 paullo
473 2117 537 2166 ante
549 2113 614 2178 dixi,
627 2113 728 2166 nonde
740 2113 903 2180 sapientium
919 2112 968 2164 sed
985 2112 1019 2165 de

165 2189 356 2243 communibus
368 2188 501 2253 aiiiicitiis,
514 2189 664 2241 cavendum
677 2189 776 2241 eritne
788 2205 842 2241 non
854 2187 940 2240 solum
956 2189 1020 2241 anri·

164 2267 249 2320 eitiae
264 2265 405 2332 depositae
421 2263 565 2317 sedetiam
583 2266 739 2320 inimicitiae
754 2267 896 2331 susceptae
911 2263 1020 2316 videan-

166 2347 220 2396 tur.
241 2343 265 2394 N
268 2342 317 2395 ilril
330 2342 401 2396 eninr
414 2335 519 2409 turpius
532 2357 614 2410 quara
625 2357 687 2395 eum
696 2358 729 2394 eo
738 2340 840 2394 bellum
853 2357 948 2408 gerere
961 2341 1019 2408 qui·

167 2435 229 2472 cum
241 2418 413 2474 familiariter
426 2417 533 2471 vixeris.
569 2417 616 2471 Ab
628 2417 747 2470 amicitia
766 2418 798 2480 Q.
820 2417 941 2485 Pompeii
959 2435 1019 2472 mco

166 2497 275 2550 nomine
288 2512 317 2548 se
330 2497 494 2562 rcrrroverat,
510 2495 542 2547 ut
558 2493 643 2560 scitis,
661 2494 769 2562 Scipi03
786 2497 899 2562 propter
916 2493 1018 2547 dissen-

165 2573 271 2626 sionem
286 2575 387 2638 autem,
401 2587 472 2640 quae
489 2570 592 2626 eratin
608 2587 640 2624 re
657 2570 773 2638 publica,
792 2570 924 2625 alienatus
942 2575 986 2624 est
1003 2588 1019 2623 a

167 2649 271 2716 collega
283 2651 376 2702 nostro
389 2647 509 2702 Metello.
537 2647 694 2714 Utrumque
706 2648 764 2714 ogit
775 2647 903 2718 graviter,
915 2650 1018 2700 auetor-
1055 2701 1059 2707 ,

166 2725 236 2778 itate
252 2729 280 2778 et
297 2724 445 2777 offensione
455 2724 544 2794 'animi
559 2740 614 2776 non
631 2723 738 2776 acerba.
775 2727 817 2779 78,
836 2722 1019 2787 Quamobrem

114 2857 116 2864 ,
166 2803 285 2869 primum
296 2801 389 2854 danda
400 2817 484 2869 opera
496 2804 539 2853 est
551 2816 642 2866 nequa
652 2801 801 2853 amicorum
814 2800 927 2852 discidia
936 2799 1019 2868 fiant;

166 2878 210 2932 sin
227 2877 282 2930 tale
300 2877 404 2945 aliquid
423 2877 551 2943 evenerit,
570 2880 603 2929 ut
620 2876 757 2930 extinctae
773 2876 865 2943 patius
883 2874 1019 2928 amicitiae

168 2969 250 3026 quam
273 2969 420 3021 oppressae
443 2970 503 3006 esse
527 2952 680 3005 videantur.
717 2952 875 3005 Cauendum
900 2967 964 3003 vero
985 2968 1019 3003 ne

165 3030 252 3082 etiam
267 3030 294 3081 in
311 3045 407 3096 graves
425 3028 580 3081 iuimicitias
598 3031 757 3081 convertant
776 3045 806 3081 se
823 3028 966 3093 amicitiae,
985 3044 1018 3080 ex

166 3105 268 3174 qiribus
280 3106 381 3173 jurgia,
397 3104 550 3169 maledicta,
568 3104 747 3157 contumeliae
765 3105 930 3170 gignuntur:
950 3119 1020 3170 quae

167 3185 261 3238 tauron
277 3182 300 3234 si
317 3181 474 3234 tolerabiles
490 3182 579 3246 erunt,
593 3180 723 3234 ferendae
739 3183 810 3244 sunt,
829 3183 857 3233 et
875 3178 919 3232 hic
935 3179 1019 3232 honos
