2242 3542
302 180 381 233 ,uua
399 180 461 239 111„
478 179 556 228 aare
574 178 852 242 v11.-1x.,§3r-3a
962 187 1007 233 mr

161 266 320 318 delibera-nt
341 269 435 317 utrum
457 264 488 317 id
510 269 669 333 sequantur,
686 264 764 331 quod
782 265 931 318 honestum
950 282 1008 319 esse

161 348 285 413 videant,
305 363 340 397 an
359 362 389 397 se
412 345 531 398 scientes
552 348 654 398 scelere
674 343 880 399 contaminent:
902 346 1008 416 inipsa

160 428 237 479 enim
251 427 428 481 dubitatione
439 426 547 479 facinus
559 426 641 493 inest,
653 427 735 479 etiarm
749 427 773 479 si
786 427 823 479 ad
836 427 868 479 id
882 444 940 479 non
948 444 1008 497 per·

160 509 294 563 venerint.
332 510 408 577 Ergo
428 524 460 560 ea
478 508 662 560 deliberanda
680 508 794 559 omnino
813 525 870 559 non
889 514 963 576 sunt,
977 509 1008 561 in

159 591 263 658 quihus
283 595 324 643 est
343 590 435 659 turpis
455 590 518 658 ipsa
541 589 716 642 deliberatio.
751 589 845 656 Atque
866 589 950 641 etiam
972 606 1007 641 ex

159 673 236 724 omni
256 672 456 725 deliberatione
474 670 586 723 celandi
600 676 629 723 et
643 670 806 722 occultandi
821 686 885 739 spes
900 670 1008 738 opinio

159 769 215 821 que
228 754 396 807 removenda
408 758 457 805 est.
497 751 571 804 Satis
585 753 658 803 enirn
671 750 760 818 nobis,
772 750 795 801 si
807 757 893 801 modo
905 750 935 801 in
945 750 1007 819 phi-

160 834 289 903 losophia
308 834 417 904 aliquid
433 833 609 905 profecimus
626 848 788 901 persuasum
804 848 861 883 esse
875 832 969 897 debet,
983 832 1006 883 si

159 931 255 967 omnes
272 917 339 969 deos
359 918 539 984 hominesque
556 916 645 966 celare
665 912 810 981 possimus,
824 912 896 963 nihil
912 918 1007 963 tamen

158 1013 249 1064 avare,
261 997 333 1050 nihil
343 998 453 1063 iniuste,
464 998 535 1049 nihil
547 996 706 1061 libidinose,
719 993 791 1045 nihil
801 993 1007 1045 incontinenter

157 1094 219 1131 esse
230 1079 399 1133 faciendum.
436 1082 485 1133 IX.
520 1082 562 1132 38.
583 1078 658 1130 Hine
670 1077 719 1129 ille
730 1077 823 1145 Gyges
836 1075 1006 1129 inducitura

158 1160 286 1227 Platone,
297 1161 353 1229 qui,
363 1178 429 1214 cum
441 1166 513 1213 terra
526 1160 698 1213 discessisset
711 1160 822 1229 maguis
836 1158 1006 1226 quibusdam

158 1240 303 1309 imbribus,
311 1242 455 1295 deseendit
464 1243 493 1294 in
504 1243 585 1294 illum
593 1242 702 1295 hiatum
713 1247 883 1309 aeneumque
893 1255 1004 1307 equum,

159 1327 191 1373 ut
203 1321 296 1375 ferunt
308 1322 427 1390 fabulae,
438 1323 646 1389 animadvertit,
654 1322 734 1375 cuius
748 1322 777 1374 in
791 1320 925 1373 lateribus
933 1319 1006 1373 fores

157 1409 265 1457 essent:
288 1404 390 1471 quibus
413 1404 515 1473 apertis
538 1420 640 1472 corpus
662 1404 784 1455 hominis
806 1402 909 1455 mortui
931 1401 1006 1454 vidit

159 1484 355 1552 magnitudine
375 1485 510 1538 inusitata
529 1486 702 1553 anulumque
721 1501 835 1537 aureum
854 1485 883 1535 in
903 1484 1004 1553 digito,

158 1580 243 1632 quem
259 1570 290 1616 ut
305 1565 436 1632 detraxit,
449 1566 509 1636 ipse
528 1566 718 1617 induit-erat
736 1571 829 1617 autern
849 1565 942 1634 regius
957 1581 1004 1633 pa-

156 1653 313 1698 stor-turn
325 1645 354 1697 in
365 1646 517 1698 concilium
531 1663 559 1699 se
574 1652 717 1715 pastorum
733 1647 845 1715 recepit.
884 1646 926 1697 lbi
941 1661 1005 1697 cunr

159 1728 251 1793 palam
265 1727 323 1779 eius
336 1727 413 1779 anuli
426 1728 462 1779 ad
476 1729 598 1797 palmam
611 1721 793 1793 converterat,
805 1744 821 1779 a
836 1728 914 1779 nullo
927 1726 1003 1779 vide-

157 1806 248 1874 batur,
262 1808 322 1875 ipsc
342 1814 435 1860 autem
454 1808 548 1861 ornnia
564 1808 695 1861 videbat:
720 1808 797 1859 idem
818 1824 911 1859 rursus
927 1808 1004 1860 vide·

158 1888 249 1954 batur,
264 1904 328 1939 cum
345 1888 375 1939 in
394 1890 487 1940 locum
506 1890 623 1941 anulum
637 1889 795 1941 inverterat,
832 1889 932 1955 Itaque
952 1889 1004 1941 hac

155 1968 370 2037 opportunitate
380 1969 458 2020 anuli
468 1985 533 2021 usus
546 1970 659 2037 reginae
673 1975 801 2038 stuprum
810 1968 908 2019 intulit
915 1984 1004 2037 eaque

155 2049 297 2102 adiutrice
310 2066 405 2118 regern
421 2050 567 2102 dominum
583 2050 733 2117 interemit,
747 2050 860 2101 sustulit
873 2065 943 2117 quos
955 2051 1003 2101 ob

155 2136 229 2183 stare
250 2131 447 2198 arbitrabatur,
468 2148 519 2183 nee
541 2132 571 2183 iu
591 2132 636 2183 his
658 2148 722 2183 enm
741 2130 912 2183 facinoribus
930 2130 1003 2197 quis

155 2228 242 2279 quam
257 2212 352 2281 potuit
367 2212 469 2267 videre.
509 2213 555 2265 Sic
571 2219 686 2282 repente
702 2213 782 2265 anuli
800 2211 936 2265 benefida
955 2228 1003 2263 rex

155 2301 271 2345 exortus
283 2301 325 2345 est
337 2294 450 2362 Lydiae
489 2295 574 2345 Hune
586 2294 675 2362 igitur
687 2294 778 2362 ipsum
791 2295 907 2345 anulum
920 2293 944 2344 si
957 2293 1004 2345 ha·

133 2438 136 2445 ,
157 2375 222 2425 beat
234 2374 354 2443 sapiens
368 2375 440 2426 nihil
455 2376 517 2443 plus
533 2374 587 2425 sibi
603 2374 685 2426 licere
697 2380 778 2443 putet
790 2390 905 2443 peceare
917 2390 1003 2441 quam

154 2454 180 2506 si
191 2471 247 2506 non
260 2455 383 2508 haberet.
422 2456 547 2507 Honesta
560 2454 633 2507 enini
649 2456 729 2506 bonis
740 2455 815 2516 viria,
827 2472 883 2507 nou
891 2456 1003 2507 occulta

155 2542 335 2603 quaeruntur.
373 2540 415 2589 39.
433 2537 526 2604 Atque
546 2537 600 2587 hoe
621 2538 682 2588 loeo
699 2537 863 2606 philosophi
876 2536 1002 2605 quidam,

157 2617 271 2669 minime
291 2617 359 2669 mali
378 2618 421 2669 illi
437 2618 562 2684 quidem,
579 2619 631 2669 scal
651 2634 708 2669 nou
727 2617 795 2669 satis
813 2618 896 2682 acuti,
909 2617 1003 2669 fictam

155 2703 185 2748 et
198 2698 423 2750 commenticiam
437 2699 560 2750 tarbulam
575 2700 715 2766 prolatam
730 2698 831 2750 dieunt
846 2715 862 2749 a
877 2699 1002 2764 Platone,

155 2778 238 2846 quasi
250 2796 315 2831 vere
328 2780 376 2831 ille
388 2786 439 2832 aut
451 2779 557 2832 factum
570 2780 601 2831 id
615 2796 673 2832 csse
687 2784 736 2832 aut
748 2779 808 2831 fieri
820 2779 944 2848 potuisse
956 2779 1003 2831 de-

156 2860 261 2913 fendat.
300 2862 377 2912 Haec
390 2867 433 2913 eat
443 2860 485 2913 vis
500 2860 583 2913 huius
595 2860 673 2913 anuli
686 2867 714 2912 ct
727 2861 811 2913 huius
822 2859 959 2929 exempli:
979 2859 1003 2911 si

155 2958 238 2993 nemo
255 2942 382 3009 sciturus,
397 2958 478 2994 nemo
494 2941 737 3010 nesuspicaturus
750 2942 865 3009 quidem
880 2941 925 3006 sit,
938 2956 1003 2992 cum

154 3015 264 3088 aliquid
286 3022 456 3087 divitiarum,
477 3022 628 3091 potentiae,
644 3022 854 3088 dominationis,
874 3019 1002 3073 libidinis

154 3119 240 3155 causa
252 3102 358 3171 feceris,
373 3104 396 3154 si
410 3103 441 3155 id
456 3104 500 3155 dis
514 3102 733 3171 hominibusque
746 3103 870 3155 futurum
884 3101 921 3154 sit
933 3117 1001 3153 sern-

156 3200 207 3252 per
225 3183 363 3253 ignotum,
377 3184 450 3237 sisne
468 3184 614 3237 facturus?
650 3185 766 3253 Negant
784 3184 814 3236 id
830 3182 889 3235 fieri
904 3198 1003 3252 posset
