2242 3542
240 121 309 170 LIB.
326 122 361 181 I.,
377 120 456 169 CAP.
473 120 571 170 XLIV.
588 122 682 183 XLV,
699 120 714 181 §
732 124 850 173 151-161.
923 127 969 172 115

82 266 85 271 1
122 204 212 275 pluris
227 205 264 258 sit
279 221 364 273 quom
379 204 502 273 cogitare
518 204 678 273 prudenter.
715 205 810 273 Atque
826 207 895 259 haec
910 206 987 274 qui-t

123 288 189 339 (lem
202 288 345 339 hactenus,
382 284 544 337 Patefactus
557 284 632 337 enim
644 286 723 337 locus
735 293 777 338 est
790 285 857 355 ipse,
868 291 900 338 ut
913 303 969 338 non

123 367 238 425 difficile
254 366 332 419 sitin
348 366 520 434 exquirendo
536 366 630 433 offitio
645 366 715 433 quid
728 366 829 435 cuique
844 367 880 418 sit
893 384 969 435 prae

123 449 287 517 ponendum
302 447 404 501 ridere.
442 448 476 499 In
491 448 553 516 ipsa
573 453 667 499 autem
686 448 886 499 communitate
905 457 970 500 sunt

123 530 229 597 gradus
254 526 416 602 officiorum,
439 545 473 580 ex
498 527 603 595 quibus
627 527 698 595 quitl
723 528 823 595 cuique
848 534 970 597 praestet

123 608 252 678 intellegi
270 608 366 677 possit,
385 614 416 660 ut
435 608 535 687 primu
548 609 593 661 dis
614 608 828 683 immortalibus
847 610 970 662 secunda

124 689 238 768 patriae,
254 689 338 741 tertia
355 698 453 767 parent
443 690 518 742 tibus
520 690 715 767 ,deinceps
694 678 837 765 gradatim
855 690 970 764 relitffl

124 762 245 848 (lebeant
234 774 286 821 tur.
325 772 384 823 161.
408 762 530 835 Quibus
533 787 568 822 ex
584 762 666 823 rebus
682 771 804 824 breviter
818 772 916 840 disput
905 771 970 823 tntis

124 850 167 902 int
156 842 249 919 tellegr
223 868 252 902 σι
265 855 358 919 potest
370 867 428 903 non
441 852 531 903 solum
543 850 575 903 id
588 852 715 904 homines
730 854 817 905 solere
831 853 969 919 dubitare,

125 932 307 984 honestumne
323 947 358 983 an
373 936 456 1000 turpe
471 931 515 998 sit,
526 931 577 984 sed
592 932 678 985 etiem
694 932 805 986 duobus
819 933 946 1003 proposit
947 934 971 986 is

125 1012 250 1065 henestis
268 1016 362 1064 utrum
377 1012 530 1065 honestius
569 1012 624 1064 Hie
637 1014 715 1065 loeus
733 1014 900 1069 atPnnuetio
919 1020 969 1082 est,

125 1097 156 1145 ut
169 1109 252 1161 supra
264 1092 334 1161 dixi,
343 1091 561 1161 praetermissus.
600 1092 657 1144 Sed
668 1091 726 1145 iam
739 1093 777 1144 nd
790 1093 897 1162 reliqua
909 1109 970 1165 per-

124 1188 231 1241 gamus.
