2242 3542
292 159 360 207 am.
375 159 408 219 1.,
425 158 503 208 oar.
521 120 764 218 xx1.-xx111.‚'§
783 159 870 206 ra-ra.
972 159 1005 206 ar
1041 133 1046 141 ’

162 241 238 310 ipsas
251 256 347 294 causas
360 246 388 294 et
400 240 574 311 parentiores
586 240 746 293 habuerunt
758 241 898 293 exercitus
912 247 941 292 ct
952 240 1006 293 for-

163 323 255 376 tiores.
292 322 364 374 Mihi
382 322 497 391 quidem
515 335 607 389 neque
624 322 719 392 pueris
737 322 820 374 nobis
836 323 873 375 M.
889 323 1006 375 Scaurus

164 404 194 456 0.
205 403 293 455 Mario
309 419 406 470 neque,
421 419 484 456 cnm
501 419 672 456 versaremur
688 403 718 454 in
735 419 764 456 re
781 402 903 472 publica,
915 403 946 469 Q.
958 387 1017 456 aa?

164 485 239 536 tulus
251 485 300 538 Cn.
309 483 444 553 Pompeio
457 484 555 538 cedere
569 484 726 536 videbatur.
757 483 842 536 Parvi
854 483 930 536 eninr
942 488 1007 536 sunt

164 564 231 617 foris
246 581 330 632 arma,
341 564 396 617 nisi
411 570 453 617 est
466 565 614 617 consilium
629 564 716 618 domi.
753 566 813 617 Nec
826 566 890 634 plus
902 565 1008 617 Africa-

164 661 224 712 nus,
238 645 388 714 singularis
406 652 434 698 et
449 644 493 697 vir
511 651 539 698 et
553 645 714 714 imperator,
727 645 758 696 in
776 645 935 698 excidenda
950 647 1008 698 Nu·

164 725 270 778 mantia
285 725 324 778 rei
339 725 470 795 publicae
488 725 595 794 profuit
611 742 696 793 quarn
715 726 815 781 codem
833 731 959 795 tempore
977 728 1007 780 P.

165 806 267 858 Nasica
279 806 413 874 privatus
424 822 488 858 cum
501 807 544 857 Ti.
556 807 715 858 Gracchum
727 806 876 858 interemit.
908 806 1009 872 Quam-

166 901 250 952 quam
260 887 329 938 haec
343 886 457 952 quidem
470 902 513 937 res
524 902 582 938 non
594 887 685 938 solum
699 902 734 938 ex
747 887 902 939 domestica
914 893 956 939 est
970 880 1010 939 ra'·

166 965 396 1034 tione-attingit
415 966 499 1018 etiam
516 967 656 1032 bellicam,
670 966 803 1032 quoniam
822 967 852 1019 ri
869 983 1010 1036 manuque

166 1045 294 1099 confecta
310 1046 436 1098 est—scd
450 1051 542 1098 tamen
556 1045 588 1098 id
602 1046 692 1115 ipsum
709 1053 751 1098 est
765 1051 879 1115 gestum
891 1047 1010 1099 consilio

166 1127 272 1180 urbano
286 1126 344 1180 sine
358 1126 488 1180 exercitu.
521 1130 563 1180 77.
577 1128 655 1180 Illud
666 1132 758 1180 autem
772 1127 911 1196 optimum
921 1133 971 1196 est,
980 1128 1011 1180 in

167 1210 245 1274 quod
258 1207 356 1262 invadi
369 1208 456 1260 solere
469 1208 505 1260 ab
516 1207 652 1277 improbis
665 1213 693 1261 et
705 1207 812 1260 invidis
825 1208 926 1262 audio:

297 1333 394 1379 Cedant
405 1345 473 1377 arma
483 1333 567 1391 togae,
577 1332 701 1378 concedat
712 1333 797 1377 laurea
806 1332 882 1378 laudi.

168 1451 207 1506 Ut
217 1449 290 1502 enim
304 1449 373 1501 alios
385 1449 522 1514 omittam,
532 1449 615 1501 nobis
629 1465 686 1501 rem
698 1448 842 1516 publicam
854 1449 1011 1518 gubernan-

168 1531 245 1584 tibus
258 1545 351 1583 nonne
363 1535 446 1598 togae
461 1545 537 1581 arma
549 1531 710 1582 cesseruntl
741 1530 840 1596 Neque
853 1528 928 1581 enim
940 1530 1011 1598 peri-

169 1613 262 1666 culum
281 1610 311 1661 in
330 1609 487 1678 republica
505 1609 560 1661 fnit
575 1609 689 1678 gravius
707 1625 839 1676 umquam
858 1625 909 1661 nec
923 1610 1012 1662 mains

169 1691 265 1745 otium.
303 1691 346 1742 Ita
366 1689 489 1743 consiliis
505 1689 710 1760 diligentiaque
725 1696 820 1742 nostra
835 1690 961 1742 celeriter
975 1692 1011 1742 de

168 1773 298 1826 manibus
319 1770 569 1824 audacissimorum
591 1770 696 1822 civium
719 1771 835 1839 delapsa
856 1787 932 1822 arma
950 1770 1012 1839 ipsa

169 1853 338 1906 ceciderunt.
376 1852 452 1917 Quae
471 1867 513 1903 res
531 1851 620 1919 igitur
638 1856 717 1920 gesta
735 1867 868 1918 umquam
888 1850 918 1902 in
938 1851 1012 1903 bello
1052 1913 1055 1916 ⁴

170 1935 268 1986 tautal
290 1933 339 2000 qui
358 1931 517 1999 triumphus
541 1931 745 1984 conferendus?
782 1934 824 1984 78.
840 1931 919 1983 Licet
937 1930 1013 1982 enirn

170 2013 249 2078 milri,
259 2013 350 2064 Marce
363 2011 412 2077 fili,
426 2011 501 2078 apud
514 2017 541 2062 tc
555 2011 679 2079 gloriari,
688 2011 725 2062 ad
735 2027 818 2078 quem
831 2016 859 2062 et
873 2011 1013 2064 hereditas

171 2094 254 2146 huius
267 2092 372 2162 gloriae
385 2098 414 2144 et
423 2091 559 2144 factorum
572 2091 694 2144 imitatio
705 2092 834 2160 pertinet.
866 2091 939 2143 Mihi
951 2092 1012 2159 qui-

172 2177 236 2228 dem
259 2179 332 2225 certe
352 2173 395 2224 vir
415 2171 562 2224 abundans
584 2171 692 2224 bellicis
712 2172 851 2239 laudibus,
868 2173 917 2226 Cn.
931 2174 1013 2225 Pom-

171 2256 259 2326 peius,
269 2253 363 2306 multis
377 2253 566 2318 audientibus,
576 2254 630 2305 hoc
641 2252 748 2320 tribuit,
757 2258 788 2305 ut
798 2253 903 2305 diceret
911 2254 1014 2307 frustra

172 2354 201 2389 se
216 2335 389 2404 triumphum
409 2333 521 2386 tertium
540 2334 754 2404 deportaturum
772 2333 864 2399 fuisse,
878 2334 933 2386 nisi
951 2351 1013 2390 meo

172 2416 202 2468 in
214 2433 272 2468 rem
283 2415 424 2484 publicam
440 2414 576 2467 beneficio
589 2414 638 2467 ubi
652 2414 838 2483 triumpharet
851 2421 922 2468 esset
935 2417 1014 2470 habi-

172 2504 257 2550 turns.
297 2496 367 2548 Sunt
382 2495 470 2564 igitur
488 2495 658 2548 domesticae
673 2493 854 2548 fortitudmes
872 2513 928 2548 non
943 2497 1014 2551 int'e-

172 2578 257 2630 riores
276 2576 459 2630 militaribus:
478 2576 508 2628 in
523 2577 627 2644 quibus
641 2576 706 2645 plus
724 2575 808 2628 etiam
824 2593 908 2644 quam
924 2578 953 2629 in
969 2578 1014 2631 his

173 2675 271 2728 operae
284 2657 428 2725 studiique
440 2659 602 2726 ponendum
615 2663 664 2710 est.

208 2741 313 2793 XXIII.
346 2741 387 2792 79.
407 2737 527 2790 Omnino
537 2738 609 2789 illud
620 2738 776 2804 honestum,
787 2737 864 2805 quod
874 2753 909 2790 ex
920 2737 1026 2790 animo·

173 2820 282 2872 excelso
301 2818 506 2888 magnificoque
527 2817 693 2884 quaerimus,
711 2817 796 2869 animi
816 2815 941 2883 efficitur,
957 2808 1025 2870 non'

174 2900 297 2969 corporis
318 2899 430 2951 viribus¹
468 2898 665 2950 Exercendum
687 2902 780 2949 tamen
801 2913 903 2966 corpus
924 2903 952 2949 et
973 2897 1014 2949 ita

174 2979 363 3032 adficiendum
376 2984 425 3043 est,
436 2983 468 3030 ut
481 2977 614 3030 oboedire
626 2977 744 3029 consilio
756 2976 913 3045 rationique
925 2977 1025 3045 possit,

174 3059 204 3112 in
223 3059 407 3127 exsequendis
425 3058 547 3127 negotiis
565 3061 594 3110 et
608 3056 639 3108 in
654 3058 748 3109 labore
766 3057 919 3110 tolerando.
957 3058 1027 3110 Hor

174 3145 284 3194 nestum
297 3143 390 3192 autem
401 3138 441 3206 id,
452 3139 528 3207 quod
542 3136 724 3208 exquirimus,
734 3140 826 3188 totum
838 3142 881 3189 est
892 3137 1013 3206 positum
