2242 3542
47 39 60 79 a
81 2 198 81 ladas
211 10 347 77 alam&
366 63 373 71 .

150 160 182 205 98
463 156 512 204 DE
529 154 682 205 OFFICIIS

150 243 232 293 drum
253 239 314 306 fuit,
329 238 455 307 itemque
474 239 505 291 in
525 238 699 291 sermonibus
717 237 803 291 alium
820 239 995 309 [quemque],

151 320 280 389 quamvis
292 324 460 389 praepotens
473 320 517 387 sit,
528 319 635 372 efficere
648 324 681 372 ut
692 336 764 371 unus
777 320 812 371 de
825 320 921 372 multis
934 316 996 373 esse

150 402 295 456 videatur:
315 401 392 468 quod
408 401 438 452 in
454 403 555 454 Catulo
571 401 644 453 etin
660 406 738 470 patre
754 407 782 453 et
797 401 827 452 in
841 400 899 454 filio
914 401 995 454 item-

151 482 245 550 quein
255 483 287 548 Q.
297 482 391 534 Mucio
401 482 513 534 Mancia
519 482 652 535 vidimus,
680 480 788 533 Audivi
798 498 832 534 ex
842 482 995 535 maioribus

150 568 219 614 natu
232 562 286 614 hoc
300 562 377 613 idem
392 562 477 614 fuisse
491 563 521 613 in
536 564 568 614 P.
578 562 709 631 Scipione
722 561 833 629 Nasica,
843 568 995 631 contraque

150 649 260 712 patrem
280 642 347 709 eius,
364 642 444 694 illum
464 642 512 709 qui
531 643 574 695 Ti.
589 642 709 694 Gracchi
730 647 846 695 conatus
868 642 995 711 perditos

151 723 317 789 vindicavit,
336 724 441 775 nullam
463 723 625 775 comitatem
646 723 777 775 habuisse
799 723 939 788 sermonis,
959 739 994 775 ne

151 806 337 856 Xenocratem
353 805 477 871 quidem,
488 803 692 856 severissimum
707 804 946 873 philosophorum,
958 804 994 855 ob

153 902 270 954 eamque
285 901 343 937 rem
356 885 445 953 ipsam
461 900 594 953 magnum
610 885 770 953 clammque
782 884 874 937 fuisse.
911 886 993 937 Inuu-

153 967 299 1019 merabiles
314 966 385 1017 aliae
401 965 647 1017 dissimilitudines
662 970 727 1017 sunt
741 970 857 1017 naturae
876 979 994 1017 morum·

153 1048 341 1116 que,mini1ne
354 1052 448 1098 tamen
461 1046 720 1115 vituperandorum.

187 1129 291 1180 XXXI.
312 1130 372 1180 110.
386 1127 549 1178 Admodum
561 1132 656 1179 autem
669 1127 790 1179 tenenda
802 1131 867 1179 sunt
877 1143 926 1179 sua
939 1126 994 1179 cui-

153 1226 207 1278 que
223 1226 280 1261 non
295 1208 406 1274 vitiosa,
417 1209 467 1260 sed
480 1213 574 1260 tamen
586 1208 707 1277 propria,
719 1224 774 1276 quo
789 1207 899 1261 facilius
915 1210 995 1261 deco

152 1306 214 1342 rum
233 1289 315 1356 illud,
329 1289 408 1356 quod
423 1288 590 1356 quaerimus,
604 1288 762 1342 retineatur.
801 1288 847 1341 Sic
865 1289 938 1341 enim
953 1296 995 1341 est

153 1371 322 1438 faciendum,
332 1375 365 1421 ut.
378 1375 475 1422 contra
488 1369 645 1422 universam
658 1375 786 1421 naturam
798 1369 871 1421 nihil
884 1376 995 1422 conten·

154 1452 261 1516 danius,
271 1469 303 1505 ea
315 1457 409 1504 tamen
424 1455 588 1503 conservata
600 1451 742 1519 propriam
758 1457 885 1503 naturam
901 1467 997 1519 sequa-

153 1550 223 1598 mur,
233 1541 271 1600 ut,
281 1533 364 1585 etiam
375 1532 398 1584 si
408 1532 464 1584 sint·
474 1532 528 1584 alia
537 1532 667 1601 graviora
677 1537 761 1600 atque
773 1532 894 1599 meliora,
903 1537 997 1584 tamen

153 1631 206 1665 nos
228 1613 322 1666 studia
343 1619 439 1665 nostra
458 1618 570 1665 nostrae
591 1618 705 1665 naturae
725 1614 822 1683 regula
841 1612 997 1666 metiamur.

154 1695 253 1763 Neque
269 1693 342 1746 enim
358 1694 460 1746 attinet
476 1698 591 1745 naturae
607 1710 760 1763 repugnare
775 1709 826 1746 nec
842 1693 999 1762 quidquam

155 1776 233 1844 sequi
247 1777 324 1843 quod
335 1776 452 1843 adsequi
464 1791 521 1827 non
532 1791 625 1843 queas.
657 1776 701 1827 Ex
712 1791 767 1843 quo
780 1775 870 1844 magis
880 1776 999 1845 emergit

156 1859 237 1924 qualo
254 1857 290 1908 sit
308 1857 439 1909 decorum
461 1857 542 1925 illud,
555 1857 622 1909 ideo
638 1859 704 1926 quia
724 1856 796 1909 ninii
812 1858 893 1909 decet
908 1856 1000 1909 invita

155 1938 288 2006 Minerva,
299 1942 331 1990 ut
344 1938 429 2005 aiunt,
440 1938 471 1991 id
485 1943 534 2004 est,
545 1939 710 2012 adversante
724 1943 937 2008 ctrefflagnaqtc
950 1954 1000 2005 na·
1070 1965 1071 1969 =

146 2026 225 2083 tum.
258 2021 316 2073 111.
329 2020 450 2071 Omnino
464 2010 486 2072 si
500 2009 656 2087 quidquam
669 2024 711 2071 est
723 2020 862 2087 decorum,
872 2018 944 2071 nihil
957 2024 1000 2071 est

156 2101 282 2169 profecto
299 2102 388 2171 magis
402 2104 485 2169 qu'am
501 2101 685 2175 aequabili&
702 2103 784 2169 [eum]
801 2100 944 2154 universae
958 2100 1001 2153 vi·

156 2190 202 2234 tae
218 2188 278 2233 tum
298 2182 471 2251 singularum
491 2183 640 2249 actionum,
657 2199 740 2249 quam
760 2198 922 2235 conservare
941 2197 1001 2233 non

156 2262 253 2330 possis,
264 2263 288 2314 si
304 2264 422 2315 aliorum
438 2269 567 2316 naturam
582 2264 695 2316 imitans
710 2263 823 2316 omittas
838 2269 922 2317 tuam.
960 2264 1002 2315 Ut

157 2343 231 2394 enim
247 2360 372 2395 sermone
386 2360 418 2395 eo
432 2344 629 2410 debemusuti,
640 2343 689 2413 qui
705 2351 788 2397 notus
801 2349 842 2396 est
855 2343 944 2411 nobis,
955 2360 1001 2409 ne,

157 2428 189 2473 ut
204 2423 328 2490 quidam,
340 2426 444 2476 Graeca
459 2427 543 2477 verba
557 2426 729 2478 inculcantes
744 2426 802 2477 iure
818 2425 924 2495 optimo
939 2424 1001 2475 ini·

158 2502 281 2568 deamur,
295 2505 335 2555 sic
349 2504 379 2555 in
395 2501 519 2557 actiones
534 2522 702 2574 omnemque
720 2507 807 2559 vitam
822 2507 927 2557 nullam
944 2504 1000 2557 dis

158 2583 330 2651 crepantiam
343 2584 467 2637 conferre
481 2586 622 2639 debemus.
662 2589 720 2639 112.
735 2587 828 2654 Atque
842 2587 909 2638 haec
922 2584 1001 2637 diffe-

159 2664 248 2715 rentia
263 2670 424 2717 naturarum
437 2671 545 2718 tantam
557 2667 644 2719 habet
657 2666 722 2734 vim,
733 2673 764 2719 ut
776 2684 832 2718 non
848 2680 1001 2735 numquam

159 2751 274 2797 mortem
292 2746 347 2798 sibi
362 2747 421 2816 ipso
435 2747 604 2799 consciscere
621 2746 699 2800 alius·
707 2749 815 2814 debeat,
827 2747 897 2799 alius
912 2746 941 2798 in
956 2762 1002 2797 ea-

160 2826 223 2877 dem
240 2842 322 2878 causo
336 2844 393 2879 non
410 2829 519 2880 debeat.
558 2830 635 2881 Num
650 2828 724 2879 enim
744 2829 797 2880 alia
816 2828 846 2879 in
865 2844 946 2880 eausa
961 2827 999 2879 M.

160 2906 229 2957 Cato
244 2905 306 2972 fuit,
320 2908 374 2958 alia
389 2908 482 2974 ceteri,
493 2909 542 2975 qui
557 2926 586 2960 se
601 2908 630 2960 in
646 2908 741 2960 Africa
754 2908 863 2959 Caesari
877 2907 1001 2961 tradide-

160 2988 244 3038 runtl
280 2987 369 3053 Atqui
387 2988 485 3038 ceteris
503 2988 618 3040 forsitan
635 2988 705 3040 vitio
722 2988 819 3039 datum
839 2994 917 3055 esset,
931 2986 955 3039 si
972 3002 1001 3039 se

160 3064 371 3133 interemissent,
381 3074 529 3135 propterea
542 3068 618 3134 quod
629 3068 718 3119 lenior
730 3083 824 3118 eorum
835 3068 893 3119 vita
906 3072 934 3120 et
943 3082 1001 3119 mo·

160 3159 203 3195 res
215 3145 325 3198 fuerant
336 3146 483 3211 faciliores,
492 3148 593 3200 Catoni
606 3164 668 3199 cum
682 3146 876 3199 incredibilem
889 3147 996 3200 tribuis
