2242 3542
315 137 478 189 LAELIUS.
515 140 593 188 OAP.
613 141 718 190 XXVI.
738 141 859 189 XXVII.
987 142 1016 192 57

161 217 283 271 enimse
304 219 363 285 ipsa
389 220 465 273 novit
495 236 632 289 quamque
658 220 782 273 amabilis
805 220 842 275 sit
871 220 1018 289 intelngit;

163 309 214 361 ego
229 298 321 347 autem
336 312 389 348 nen
405 296 439 349 de
456 296 559 349 virtute
575 313 647 349 nune
663 297 767 365 loquor,
786 296 837 351 sed
853 296 889 350 de
906 297 1018 353 virtutis

161 370 294 437 opinione.
338 371 450 424 Virtute
469 372 541 425 enim
563 373 624 439 ipsa
643 389 698 425 nen
718 376 776 426 tam
797 373 878 426 multi
899 372 1017 442 praediti

161 461 320 514 essequam
335 448 421 500 videri
438 449 539 501 volunt.
576 449 636 501 Hos
653 448 774 502 delectat
793 450 958 514 assentatio;
975 449 1016 502 his

161 520 241 574 fietus
260 523 295 575 ad
313 523 433 591 ipsorum
452 524 622 577 voluntatem
644 541 733 577 sermo
755 542 840 593 quum
860 525 1016 593 adhibetur,

160 598 311 652 orationem
323 600 397 652 illam
410 617 506 653 vanam
518 600 704 653 testimoninm
715 617 775 653 esse
784 601 894 654 laudum
906 618 1015 655 suarum

160 678 266 741 putant.
312 676 394 729 Nulla
418 680 461 729 est
485 677 569 744 igitur
592 677 661 730 haee
684 677 810 744 amicitia,
834 694 919 745 quum
944 677 1015 729 alter

160 766 253 803 verum
264 752 359 805 andire
370 768 423 805 non
436 754 502 819 vult,
512 754 583 806 alter
594 754 630 805 ad
642 753 829 805 mentiendum
842 756 954 820 paratus
966 757 1014 806 est.

160 824 186 877 N
189 842 219 879 ee
238 828 421 895 parasitorum
440 830 468 881 in
491 830 639 882 comoediis
661 828 810 881 assentatio
830 828 920 881 faceta
937 829 1015 881 nobis

160 902 309 969 videretur,
322 904 374 955 nisi
387 908 479 958 essent
491 904 593 957 milites
605 904 721 971 gloriosi.

315 991 423 1053 Magnas
438 1007 493 1037 vero
505 1008 577 1053 agere
589 995 682 1053 gratias
694 992 770 1037 Thais
781 991 860 1037 mihil

157 1058 232 1112 Satis
244 1064 303 1113 erat
313 1060 486 1129 respendere,
497 1078 623 1129 magnam
636 1062 768 1129 ingentes,
777 1061 873 1129 inquit.
898 1061 1013 1128 Semper

158 1139 240 1201 auget
253 1140 407 1190 assentator
418 1137 448 1191 id
461 1136 535 1205 quod
546 1138 570 1189 is
583 1136 660 1203 eujus
675 1136 711 1189 ad
725 1136 895 1190 voluntatem
911 1136 1013 1189 dicitnr

157 1211 216 1264 vult
239 1226 299 1263 esse
322 1226 458 1277 magnum.
494 1217 534 1265 99.
554 1210 744 1276 Quamobrem,
763 1212 887 1279 quamvis
909 1209 1011 1262 blanda

156 1284 211 1339 ista
221 1286 327 1339 vanitas
340 1287 414 1351 apud
426 1303 473 1340 eos
485 1286 558 1339 valet
571 1287 618 1351 qui
629 1288 680 1349 ipsi
696 1286 771 1340 illam
783 1286 913 1339 allectant
924 1290 1010 1353 atque

156 1361 279 1428 invitant,
300 1366 393 1416 tamen
417 1365 500 1417 etiam
524 1363 663 1430 graviores
687 1364 939 1429 constantioresque
964 1364 1011 1415 ad-

157 1439 283 1491 monendi
299 1442 363 1492 sunt
378 1443 410 1493 ut
425 1439 545 1492 animum
562 1438 708 1491 advertant
725 1454 760 1490 ne
777 1438 875 1490 callida
891 1442 1011 1491 assenta-

157 1513 230 1567 tione
251 1515 399 1583 capinntur.
446 1517 553 1583 Aperte
574 1514 646 1567 enim
667 1513 826 1566 adulantem
850 1530 930 1565 nemo
954 1530 1007 1566 non

157 1588 238 1656 videt,
259 1590 311 1642 nisi
333 1591 380 1659 qui
404 1591 552 1644 admodum
574 1594 616 1643 est
640 1605 752 1642 excors:
773 1588 888 1641 callidus
912 1588 958 1641 ille
981 1593 1010 1642 et

155 1666 279 1719 occultus
298 1684 334 1720 ne
356 1684 385 1721 se
406 1667 524 1719 insinuet
546 1666 668 1719 studiose
690 1665 841 1717 cavendum
866 1668 915 1717 est.
951 1664 1010 1718 Nee

154 1741 227 1793 enim
239 1742 365 1795 facillime
377 1744 540 1810 agnoscitur,
557 1743 658 1811 quippe
675 1742 723 1809 qui
739 1742 823 1794 etiam
839 1741 1010 1794 adversando

155 1832 237 1883 saepe
261 1822 423 1886 assentetur,
447 1822 476 1871 et
499 1818 610 1886 litigare
634 1834 663 1870 se
688 1818 817 1870 simulans
845 1817 1009 1878 blandiatur,

154 1900 240 1959 atque
251 1893 287 1945 ad
299 1898 453 1947 extremum
466 1894 515 1947 det
531 1894 768 1961 manusvineique
785 1910 815 1946 se
831 1893 961 1961 patiatur,
977 1897 1009 1946 ut

155 1967 178 2018 is
199 1968 247 2035 qui
269 1968 364 2021 illusus
386 1969 422 2022 sit
442 1970 503 2036 plus
524 1970 625 2022 vidisse
649 1969 783 2022 videatur.
820 1968 892 2032 Quid
916 1973 1008 2021 antem

155 2044 263 2109 turpius
282 2060 364 2111 quam
382 2044 478 2098 illudit
515 2045 595 2107 Quod
613 2062 648 2097 ne
666 2045 771 2098 accidat
789 2044 940 2098 cavendnm
958 2048 1009 2108 est,

155 2123 187 2171 ut
199 2118 227 2170 in
241 2119 381 2186 Epiclero:

256 2202 338 2249 Hodie
350 2210 457 2251 meante
469 2220 552 2251 omnes
565 2205 670 2251 comicos
681 2204 771 2251 stultos
783 2219 852 2252 senes

252 2274 364 2321 Versaris
376 2281 451 2338 atque
462 2276 602 2322 emunxeris
613 2276 757 2323 lautissime.
907 2331 910 2337 ¹

158 2350 213 2398 100.
233 2345 311 2398 Haec
324 2346 396 2398 enim
409 2347 492 2399 etiam
505 2347 532 2397 in
545 2345 644 2398 fabulis
656 2345 818 2399 stultissima
831 2362 949 2413 persona
963 2350 1007 2399 est

155 2421 368 2488 improvidorum
386 2426 415 2475 et
433 2422 605 2475 credulorum
627 2438 729 2475 senum.
765 2422 820 2475 Sed
841 2423 1008 2492 nescioquo

154 2501 234 2564 paeto
246 2497 282 2549 ab
298 2498 423 2553 amicitiis
437 2498 621 2566 perfectorum
635 2497 782 2565 hominum,
794 2497 824 2550 id
838 2503 888 2565 est,
902 2500 1006 2565 sapien-

154 2572 230 2638 tium,
249 2572 284 2625 de
302 2573 353 2626 hae
370 2574 430 2627 dieo
449 2574 584 2641 snpientia
601 2591 673 2641 qnae
690 2573 800 2628 videtur
819 2575 848 2626 in
868 2575 1006 2627 hominem

153 2648 252 2700 eadere
263 2664 351 2715 posse,
364 2649 486 2702 adleves
498 2650 633 2702 aniieitias
647 2648 763 2701 defluxit
777 2650 871 2702 oratio.
909 2651 1006 2713 Quam-

152 2723 247 2775 obrem
260 2722 295 2775 ad
307 2724 353 2777 illa
370 2725 458 2793 prima
474 2725 619 2777 redeamus
635 2741 723 2792 eaque
738 2725 798 2792 ipsa
813 2724 1006 2778 concludamus

152 2799 305 2867 aliquando.
989 2858 991 2860 ,

205 2876 328 2929 XXVII.
356 2876 460 2943 Virtus,
477 2876 571 2939 virtus,
587 2875 707 2941 inqmem,
724 2876 753 2928 C.
773 2875 860 2927 Fanni
877 2878 907 2927 et
924 2878 956 2926 tu
975 2873 1006 2935 Q.

153 2950 234 3017 Muci,
256 2955 285 3004 et
306 2952 432 3005 coneiliat
456 2952 589 3004 amicitias
612 2956 641 3003 et
664 2954 813 3004 conservat.
850 2949 884 3002 In
907 2965 941 3000 ea
963 2952 1006 3000 est

151 3027 225 3079 enim
238 3027 425 3081 convenientia
437 3044 536 3093 rerum,
548 3027 576 3078 in
589 3043 621 3079 ea
634 3026 775 3092 stabilitas,
787 3026 817 3079 in
832 3042 865 3079 ea
881 3028 1005 3077 eonstan-

152 3102 197 3170 tia,
216 3120 287 3171 quse
305 3120 390 3172 quum
409 3122 438 3157 se
457 3105 557 3158 extulit
575 3108 604 3157 et
621 3102 745 3155 ostendit
762 3103 855 3155 lumen
875 3118 955 3155 sunm
977 3103 1006 3154 et

151 3178 225 3231 idem
249 3179 376 3245 adspexit
397 3182 561 3241 agnovitque
583 3181 610 3233 in
635 3181 697 3246 alio,
719 3181 755 3236 ad
779 3181 809 3235 id
827 3196 857 3233 se
879 3180 943 3231 adm
954 3184 1002 3231 ive*
