2242 3542
324 146 413 195 CATO
431 146 562 195 MAJOR.
599 143 733 195 GAP.·11.
753 146 804 197 ΙΙΙ.
919 150 921 153 ’
968 149 984 195 3

136 225 209 295 Quid
221 230 263 283 est
278 226 350 281 enim
369 226 444 279 aliud
463 224 611 294 Gigantum
627 225 709 279 modo
726 225 830 279 bellare
845 243 907 279 cum
925 222 986 280 Diis

134 306 186 359 uisi
207 308 321 359 naturae
346 305 517 372 repugnaret
561 310 584 357 6.
614 302 746 357 hirmos.
789 303 883 369 Atqui.
909 302 982 360 Cato

134 381 320 450 gratissimum
344 378 428 446 nobis,
453 383 484 432 ut
513 379 596 432 etiam
624 394 675 447 pro
700 379 825 447 Scipione
848 377 985 446 pollicear,

134 458 238 521 feceris,
263 456 292 520 si,
314 456 440 525 quoniam
464 471 606 523 speramus
629 454 753 507 volumus
777 453 888 522 quidem
911 458 986 506 certo

136 549 214 587 senes
227 533 294 599 fieri,
307 532 394 585 multo
406 534 470 585 ante
482 548 499 583 e
511 535 539 584 te
553 530 729 584 didicerimus
743 530 841 598 quibus
859 528 986 582 facillime

136 609 286 663 rationibus
295 610 527 675 ingravescentem
537 610 657 661 aetatem
667 606 740 661 ferre
748 607 890 676 possimus⁴
904 605 986 659 (lure.

137 682 245 738 Faciam
264 699 335 749 vero,
355 684 436 751 Laeli,
457 684 619 752 pracsertim
636 683 658 735 si
677 684 789 751 utrique
808 687 937 748 vestrum,
955 686 987 735 nt

34 820 38 823 ,
136 761 211 829 dicis,
226 765 337 829 gratum
349 760 471 813 futurum
483 764 534 821 est.
572 759 657 813 Luna.
694 759 828 813 Volumus
846 774 917 824 sane,
935 758 985 810 nisi

135 838 279 891 molestum
293 841 341 899 est
352 836 427 901 Cato,
439 840 579 903 tamqnam
592 836 699 903 longam
710 836 830 903 aliquam
845 835 915 887 riam
925 851 987 887 con-

135 912 232 966 feceris
245 928 326 981 quam
339 911 417 965 nobis
430 928 538 981 quoque
555 909 764 979 ingrediendum
783 912 826 975 sit,
844 910 915 963 istuc
933 928 987 979 qno

135 989 284 1057 pervenisti
297 988 390 1041 vidore
403 988 484 1056 qualo
497 989 540 1041 sit.

193 1065 246 1129 lll.
287 1069 309 1121 7.
341 1064 424 1117 (iuro.
462 1065 571 1117 Faciam
592 1069 625 1117 ut
648 1068 753 1133 potero,
779 1063 862 1119 Laeli.
899 1066 987 1131 Saepo

136 1141 207 1195 enim
220 1141 331 1193 interfui
342 1139 460 1209 querelis
470 1156 591 1193 meorum
601 1140 874 1208 aequalium—pares
885 1144 985 1200 autem,

137 1220 229 1270 vetere
240 1216 391 1284 proverbio,
404 1231 466 1268 cum
477 1215 589 1283 paribus
606 1215 734 1268 lzwillime
752 1220 987 1283 congregantur-

6 1326 8 1339 ·
46 1316 48 1318 ·
136 1310 207 1361 quac
229 1293 258 1346 C.
277 1292 418 1356 Salinator,
439 1308 509 1359 qnae
534 1291 572 1357 Sp
601 1291 724 1356 Albinus,
749 1291 871 1345 homines
894 1307 987 1343 eonsu-

33 1420 35 1423 .
136 1366 206 1421 lares
222 1368 308 1422 nostri
321 1368 378 1421 fere
392 1367 518 1435 aequales
536 1366 679 1433 deplorare
697 1366 828 1436 solebant,
841 1371 899 1420 turn
912 1368 986 1436 qnod

136 1443 322 1512 voluptatibus
341 1449 465 1497 carerent
484 1443 542 1496 sine
562 1442 662 1509 quibus
683 1444 767 1496 vitam
787 1443 888 1496 nullam
908 1447 986 1511 puta-

136 1523 205 1585 rent,
216 1524 276 1573 tum
290 1520 363 1587 quod
381 1523 576 1586 spernerentur
587 1518 623 1570 ab
635 1520 668 1571 iis
687 1535 703 1571 a
721 1518 820 1586 quibus
833 1523 924 1572 essent
935 1519 986 1572 coli

136 1596 215 1649 soliti.
253 1596 306 1660 Qui
323 1594 390 1647 mihi
402 1611 455 1647 non
469 1593 498 1645 id
511 1593 674 1647 videbantur
687 1611 815 1648 accusare
827 1595 901 1661 quod
913 1598 986 1649 osset

136 1672 323 1725 accusandum.
371 1670 441 1724 Nam
466 1670 489 1723 si
512 1670 541 1723 id
565 1670 645 1738 culpa
669 1671 819 1723 senectutis
842 1671 986 1736 accideret,

136 1747 232 1801 eadem
245 1747 311 1800 mihi
322 1764 373 1801 usu
386 1748 509 1800 venirent
522 1747 689 1815 reliquisque
702 1746 826 1799 omnibus
838 1747 986 1813 majoribus

136 1826 210 1889 natu,
232 1839 346 1891 quorum
370 1840 420 1889 ego
440 1822 587 1875 multorum
609 1822 721 1889 cognovi
740 1826 910 1875 senectutem
929 1824 986 1875 sine

137 1899 253 1966 quercla,
273 1900 320 1966 qui
342 1902 414 1951 sect
433 1896 575 1951 libidinum
598 1898 710 1950 rinmrlis
732 1897 837 1951 laxatos
856 1914 916 1951 esse
934 1916 987 1951 non

137 1973 250 2027 moleste
262 1975 366 2027 ferrent
380 1990 430 2027 nec
447 1974 534 2027 asnis
553 1973 766 2041 despicerentur.
800 1973 856 2028 Sed
867 1976 986 2028 omnium
1005 1974 1007 1979 ’

137 2049 289 2103 istiusmodi
313 2050 484 2117 querelarum
508 2050 536 2102 in
560 2049 681 2102 moribus
705 2054 748 2103 est
772 2050 858 2117 eulpa,
882 2067 934 2103 non
958 2051 987 2103 in

137 2129 237 2177 aetate.
273 2125 409 2177 Moderati
432 2126 503 2176 enirn
524 2128 552 2176 et
570 2141 619 2177 nec
640 2125 763 2177 difficiles
785 2142 833 2177 nee
848 2125 986 2178 inhumani

137 2216 216 2253 senos
224 2200 394 2253 tolerabilem
404 2203 572 2252 senectutem
582 2205 682 2267 agimt3
693 2201 885 2268 importrmitas
894 2205 986 2254 eutem

38 2340 41 2344 ,
137 2279 167 2329 et
194 2276 377 2329 inlnunanitas
407 2277 479 2330 omni
507 2276 591 2329 aetati
614 2277 728 2331 molesta
755 2280 803 2331 ost.
846 2284 871 2331 8.
900 2277 985 2331 Luna

138 2352 196 2418 Est
215 2361 246 2406 ut
266 2351 340 2417 dicis,
360 2350 443 2417 Oat03
462 2352 512 2405 sed
531 2352 647 2406 fortasse
665 2354 767 2407 dixerit
785 2354 917 2423 quispiam
935 2354 986 2408 tibi

136 2431 250 2497 propter
268 2444 334 2496 oper
351 2432 379 2482 ct
398 2430 489 2497 copias
507 2437 536 2482 et
554 2429 717 2497 dignitatem
736 2434 810 2484 tunm
825 2431 987 2484 tolerabilio
1016 2485 1018 2487 ,

137 2518 195 2557 rein
208 2508 376 2558 senectutem
389 2505 483 2571 videri,
501 2505 531 2558 id
548 2510 641 2559 autem
659 2523 712 2559 non
729 2523 808 2575 posse
820 2506 913 2559 multis
925 2521 987 2557 con.

137 2580 250 2647 tingere.
287 2580 370 2635 Orro.
404 2582 452 2634 Est
473 2582 543 2635 istuc
565 2582 684 2650 quidem,
707 2582 788 2647 Laeli,
808 2582 919 2651 aliquid,
938 2581 987 2634 sed

137 2672 308 2725 nequaquam
333 2658 361 2711 in
385 2658 438 2711 isto
477 2662 540 2711 sunt
580 2660 676 2711 omnia.
724 2660 765 2713 Ut
793 2659 987 2713 Themistocles

138 2731 224 2785 fertur
237 2732 361 2800 Seriphio
372 2733 480 2786 cuidam
498 2734 526 2785 in
540 2734 634 2801 jurgio
652 2736 831 2803 respondisse,
845 2752 929 2803 quum
941 2734 992 2787 ille.

138 2807 251 2864 dixisset
275 2826 328 2861 non
350 2825 412 2861 eum
436 2826 485 2862 sua
508 2809 558 2862 sed
578 2812 683 2878 patriae
706 2812 792 2878 gloria
813 2811 986 2880 splendorem

136 2888 303 2937 assecutum:
321 2901 371 2937 nec
383 2883 500 2952 hercule,
516 2886 614 2953 inquit,
631 2888 653 2939 si
671 2904 722 2955 ego
739 2887 879 2956 Seriphius
891 2903 986 2953 essem,

136 2958 241 3023 nobilis,
264 2976 314 3013 nec
342 2963 380 3025 tu,
402 2960 424 3013 si
450 2961 627 3015 Atheniensis
648 2979 730 3030 esses,
754 2964 843 3017 clarus
868 2979 986 3031 uuquam

136 3034 241 3096 luisses
278 3034 358 3098 Quod
378 3036 474 3089 eodem
494 3036 575 3089 modo
595 3037 630 3090 de
652 3042 793 3093 senectute
814 3040 866 3092 dici
886 3042 984 3105 potest.

137 3110 162 3161 N
165 3127 196 3163 ec
208 3110 280 3163 enim
292 3111 318 3163 in
334 3127 439 3165 summa
451 3112 541 3180 inopia
553 3112 620 3163 lovis
633 3130 692 3165 esse
704 3117 830 3166 senectus
842 3117 934 3180 potest
951 3130 985 3165 ne

135 3184 252 3251 sapienti
272 3186 390 3253 quidem,
410 3204 461 3241 nec
479 3187 618 3255 insipienti
639 3188 721 3241 ctiam
738 3188 767 3241 in
786 3202 892 3240 summa
909 3187 985 3253 eopia
