2242 3542
329 133 494 182 Laeuius.
530 134 606 180 aar.
621 132 700 180 xiii.
715 99 792 179 niv,
955 135 985 181 ra

132 214 213 271 beate
225 216 371 272 vivendum
384 213 559 268 securitatem
573 229 628 280 qua
637 212 690 263 frui
703 228 757 263 non
770 214 858 280 possit
870 211 984 277 animus,

133 292 156 344 si
179 296 320 360 tamquam
340 291 477 360 parturiat
500 306 572 341 unus
594 305 643 355 pro
668 287 799 356 pluribus.
839 295 880 343 46.
907 289 985 340 Alios

132 371 224 422 autem
255 368 347 421 dicere
374 366 451 418 aiunt
472 365 559 418 multo
581 365 665 417 ctiam
692 364 872 431 inhumanius,
903 381 985 432 quem

132 444 221 497 locum
241 444 363 497 breviter
385 442 535 512 perstrinxi
558 441 649 509 paullo
668 445 740 504 aute,
756 441 887 508 praesidii
906 440 985 508 adju-

132 521 273 588 mentique
286 536 373 586 causa,
386 536 439 572 non
452 517 657 571 benevolentiae
672 534 761 588 neque
778 517 909 584 caritatis,
921 517 985 570 ami·

132 597 277 649 citiascsse
289 596 470 664 expetendas3
484 593 577 662 itaque
585 597 616 646 ut
625 595 740 662 quisque
749 594 890 646 minimum
903 595 985 647 firmi-

132 673 199 726 tatis
212 673 312 736 habeat
323 673 519 740 minimumque
531 672 638 738 virium,
651 672 690 723 ita
703 671 837 724 amicitias
854 677 985 740 appetere

133 750 264 803 maxime:
287 766 320 802 ex
334 766 365 801 eo
385 749 444 800 lieri
461 753 493 816 ut
508 747 684 800 mulierculae
699 748 787 814 magis
804 748 983 800 amicitiarum

132 825 268 893 praesidia
281 828 413 892 quaerant
426 841 507 892 quam
521 825 580 889 viri,
594 828 622 875 et
639 823 733 890 inopes
753 840 834 889 quam
854 823 985 890 opulenti,

133 905 162 952 et
174 901 322 953 calamitosi
336 917 418 967 quam
430 901 450 952 ii
469 901 516 968 qui
533 898 667 967 putantur
686 899 767 952 beati.
803 903 845 954 47.
866 900 889 950 Ο
909 915 986 967 prae

134 975 233 1030 claram
250 977 424 1047 sapientiam!
459 976 549 1028 Solem
562 975 634 1027 enim
646 992 661 1027 e
673 975 774 1027 mundo
787 975 883 1028 tollere
894 975 985 1028 viden·
1011 992 1015 1025 ι

134 1055 180 1104 tur
200 1051 246 1120 qui
266 1051 412 1104 amicitiam
430 1052 514 1104 evita
534 1051 641 1117 tollunt,
660 1068 714 1119 qua
737 1051 804 1104 nihil
826 1068 842 1103 a
865 1051 918 1104 diis
938 1051 986 1103 im-
1012 1042 1016 1101 ἶ

133 1127 294 1180 mortalibus
315 1128 411 1182 melius
442 1127 580 1194 habemus,
611 1128 679 1180 nihil
705 1127 862 1196 jucundius
910 1127 986 1190 Quae
1005 1134 1020 1190 i.

133 1207 177 1258 est
201 1205 271 1258 enim
291 1205 345 1258 ista
365 1205 514 1258 securitas?
551 1205 648 1271 Specie
673 1203 784 1273 quidem
806 1203 913 1271 blanda,
936 1204 985 1256 scd

133 1297 229 1350 reapse
249 1281 341 1334 multis
360 1281 425 1334 locis
441 1280 618 1350 repudianda.
655 1280 754 1348 Neque
773 1281 847 1333 enim
865 1284 908 1333 est
925 1297 985 1332 con-

134 1361 292 1410 sentaneum
304 1358 387 1410 ullam
399 1358 540 1410 honestam
554 1373 612 1409 rem
625 1358 844 1424 actionemque
853 1356 985 1409 sollicitus

133 1433 178 1500 sis,
195 1438 306 1487 autnon
326 1435 463 1502 suscipere
482 1437 531 1486 aut
549 1438 704 1501 susceptam
723 1433 869 1502 deponere.
905 1432 985 1496 Quod

133 1510 156 1562 si
168 1527 259 1563 curam
271 1511 397 1578 fugimus,
407 1511 495 1563 virtus
510 1509 640 1577 fugienda
656 1515 706 1576 est,
727 1527 797 1578 quae
813 1525 923 1562 necesse
942 1512 985 1561 cst

133 1587 302 1655 cunr'aliqua
320 1604 385 1640 cura
409 1604 454 1640 res
478 1586 529 1639 sibi
553 1581 705 1639 contrarias
724 1590 884 1653 aspernetur
900 1588 984 1652 atquc

102 1691 104 1696 ·
134 1662 232 1729 oderit,
245 1667 277 1715 ut
290 1662 398 1716 bouitas
420 1663 560 1729 malitiam,
581 1662 765 1730 temperantia
783 1660 932 1728 libidinem,
944 1661 984 1728 ig-

134 1740 239 1791 naviam
253 1739 391 1793 fortitudo.
429 1739 529 1807 Itaque
548 1739 643 1791 rideas
664 1739 747 1791 rebus
765 1737 877 1805 injustis
893 1735 984 1804 justos

134 1815 251 1868 maxime
271 1816 372 1882 dolere,
391 1815 547 1868 imbellibus
566 1816 659 1881 fortes,
679 1814 820 1882 flagitiosis
838 1814 984 1866 modestos.

135 1891 208 1958 llrgo
221 1891 270 1944 hoc
282 1893 422 1959 proprium
435 1895 477 1944 est
496 1891 578 1943 animi
595 1890 665 1943 benc
682 1890 824 1943 constituti
839 1893 868 1942 et
887 1890 984 1942 laetari

134 1967 212 2022 benis
231 1968 313 2020 rebus
333 1971 361 2020 ot
381 1967 473 2020 dolere
493 1967 645 2020 contrariis.
691 1973 734 2021 48.
761 1967 942 2030 Quamobrem
962 1967 984 2019 si

135 2044 208 2096 cadit
220 2045 248 2097 in
262 2043 413 2111 sapientem
426 2043 509 2094 animi
529 2043 614 2106 dolor,
626 2043 674 2110 qui
692 2043 814 2110 profecto
835 2042 916 2109 cadit,
933 2042 985 2094 nisi

135 2137 170 2173 ex
194 2118 253 2186 ejus
275 2119 364 2170 animo
390 2119 568 2185 exstirpatam
590 2117 787 2170 humanitatem
812 2117 985 2184 arbitra-mur,

136 2212 206 2263 quae
224 2197 363 2247 causaest
384 2210 432 2246 cur
451 2193 599 2246 amicitiam
617 2193 742 2246 fonditus
754 2194 881 2246 tollamus
893 2210 908 2245 e
921 2194 985 2258 vita,

137 2288 172 2324 ne
184 2271 289 2337 aliquas
308 2275 420 2338 propter
443 2286 503 2322 cem
525 2269 702 2337 suscipiamus
718 2270 876 2330 molestias?
914 2269 986 2333 Quid

136 2347 209 2401 enim
221 2346 336 2399 interest
355 2349 430 2399 motu
442 2345 525 2398 animi
538 2345 652 2411 sublato,
665 2362 719 2398 non
735 2344 796 2398 dico
815 2345 888 2398 inter
902 2344 986 2399 homi-

136 2440 198 2476 nem
222 2425 250 2475 et
270 2423 412 2490 pecudem,
437 2421 486 2474 sed
509 2422 583 2474 inter
605 2421 742 2475 hominem
767 2426 795 2474 et
819 2439 913 2475 saxum
939 2427 987 2476 aut

132 2505 263 2553 trimeum
283 2502 332 2552 aut
356 2499 464 2567 quidvis
483 2499 591 2566 generis
617 2497 760 2565 ejusdeml
797 2499 895 2567 Neque
915 2499 985 2552 enim

137 2579 201 2629 sunt
220 2575 267 2629 isti
279 2575 409 2628 audiendi
418 2575 466 2642 qui
477 2576 607 2628 virtutem
620 2574 716 2627 duram
729 2580 758 2628 et
774 2576 852 2644 quasi
870 2576 986 2628 sorren-1

137 2651 346 2720 assequendam
367 2650 467 2718 volunt,
481 2668 550 2718 quae
562 2650 674 2718 quidem
687 2655 730 2704 est
743 2670 827 2720 quum
846 2652 940 2705 multis
959 2653 986 2703 in

137 2729 220 2782 rebus
244 2732 303 2780 turn
327 2727 354 2779 in
374 2727 493 2780 amicitia
511 2730 607 2781 tenera
627 2733 710 2795 atque
730 2729 890 2794 tractabilis,
908 2731 940 2781 ut
959 2732 988 2780 ct

138 2803 217 2856 bonis
240 2804 319 2856 amici
337 2803 417 2871 quasi
440 2802 609 2857 diffundatur
632 2807 662 2857 et
682 2804 860 2857 incommodis
884 2807 988 2856 eontra-

138 2879 227 2932 hatur.
264 2879 446 2942 Quamobrem
470 2896 554 2946 angor
577 2880 630 2932 iste
654 2879 701 2947 qui
724 2895 774 2946 pro
797 2879 883 2932 amico
907 2895 987 2946 saepe

139 2954 287 3022 capiendus
306 2957 421 3008 estnon
441 2959 548 3009 tantum
567 2955 641 3009 valet
661 2959 693 3007 ut
716 2954 795 3007 tollat
812 2972 828 3007 e
848 2955 904 3006 vita
924 2954 986 3004 arni-

140 3030 240 3096 eitiam,
251 3047 305 3083 nou
317 3029 469 3099 plusquam
481 3035 513 3084 ut
529 3031 655 3098 virtutes,
669 3030 734 3098 quia
752 3029 894 3081 nonnullas
910 3044 988 3080 emas

140 3108 170 3158 ct
181 3106 319 3159 molestias
332 3105 455 3173 afferunt,
470 3107 656 3174 repudientur.

194 3181 272 3233 XlV.
308 3181 397 3241 Quum
417 3187 508 3236 autem
525 3182 669 3243 contrahat
687 3180 843 3245 amicitiam,
856 3183 888 3232 ut
907 3195 989 3247 supra
