2242 3542
125 181 174 229 146
260 204 263 210 ·
442 178 491 226 DE
508 176 661 227 omens

124 268 176 316 tur.
214 263 305 328 Quam
330 278 394 315 cum
417 262 566 330 Sicyonem
590 260 738 328 attulisset,
760 258 891 311 adhibuit
916 260 971 313 sibi

123 345 154 397 in
171 343 320 396 consilium
336 343 498 412 quindecim
512 342 662 411 principes,
675 356 740 393 cum
755 340 859 408 quibus
873 355 973 392 causas

124 424 260 495 cognovit
277 428 305 476 et
321 440 424 490 eorum,
436 422 487 490 qui
501 422 593 474 aliena
607 422 749 488 tenebant,
764 424 792 472 et
805 436 910 483 eorum,
922 421 971 489 qui

125 522 174 557 sua
188 505 347 572 amiserant,
358 503 529 573 perfecitque
545 501 727 555 aestimandis
739 500 971 569 possessionibus,

124 592 156 639 ut
177 586 357 655 persuaderet
382 584 453 650 aliis,
473 591 505 635 ut
525 582 674 651 pecuniam
699 581 824 650 accipere
845 582 971 648 mallent,

125 666 349 736 possessionibus
363 665 503 729 cederent,
516 663 589 731 aliis,
601 670 634 715 ut
648 662 824 715 commodius
838 667 972 730 putarent

125 746 265 798 numerari
277 746 332 798 sibi
346 746 425 813 quod
437 744 511 797 tanti
523 748 595 796 esset
609 760 694 811 quam
706 758 787 795 suum
800 757 971 811 recuperare.

125 827 168 878 lta
183 826 339 895 perfectum
354 830 443 879 estut
458 840 554 877 omnes
574 821 726 877 concordia
744 822 896 875 constituta
911 821 972 875 sino

125 908 238 973 querela
257 906 444 959 discederent.
481 907 523 958 83.
540 904 668 958 Ovirum
686 919 820 972 magnum
839 902 972 972 dignum-

125 1003 179 1053 que
192 987 242 1054 qui
254 987 285 1040 in
297 1003 327 1039 re
341 987 455 1056 publica
470 992 567 1039 nostra
582 990 665 1037 natus
680 986 769 1037 esset-l
807 984 853 1037 Sic
865 1000 917 1053 par
929 989 973 1036 est

124 1084 206 1136 agere
219 1084 284 1120 curu
296 1067 416 1134 civibus,
425 1083 492 1133 non,
501 1072 533 1118 ut
547 1065 594 1117 bis
607 1065 663 1117 iam
676 1065 807 1131 vidimus,
820 1066 927 1117 bustam
939 1064 970 1116 in
1022 1114 1024 1119 .

124 1147 187 1199 foro
200 1163 304 1217 ponere
319 1154 347 1199 ot
365 1147 439 1199 bona
458 1147 564 1199 civium
580 1146 644 1198 voci
662 1145 797 1199 subiicere
814 1144 969 1214 praeconis.

124 1228 165 1279 At
178 1227 227 1279 ille
242 1229 372 1294 Graecus
388 1227 420 1279 id
435 1228 513 1294 quod
527 1226 582 1279 fuit
601 1225 739 1295 sapientis
757 1230 784 1279 st
803 1226 971 1295 praestantis

124 1308 188 1374 viri,
201 1308 333 1361 omnibus
348 1307 551 1361 consulendum
566 1306 686 1377 putavit,
700 1322 788 1375 eaque
804 1313 847 1359 est
862 1322 971 1359 summa

125 1389 197 1441 ratio
211 1396 239 1441 et
252 1388 390 1458 sapientia
405 1388 474 1441 boni
486 1388 567 1456 civis,
576 1387 724 1440 commoda
737 1386 842 1439 civium
857 1402 914 1438 non
927 1387 970 1439 di-

124 1470 228 1522 vellere
241 1474 326 1536 atque
342 1486 438 1521 omnes
454 1468 596 1536 aequitate
611 1469 709 1521 eadem
725 1466 876 1519 continere.
913 1468 969 1519 Ha-

125 1549 216 1602 bitent
226 1550 315 1619 gratis
323 1550 353 1601 in
366 1550 477 1603 alienol
507 1550 583 1615 Quid
593 1549 653 1603 ital
668 1554 708 1615 ut,
719 1564 782 1601 cum
793 1564 846 1617 ego
856 1547 969 1600 emerim

124 1631 302 1697 aedificarim,
313 1636 393 1683 tuear
403 1631 577 1699 impendam,
585 1636 617 1683 tu
627 1647 671 1683 me
683 1630 773 1683 invito
787 1628 879 1683 fruare
890 1632 969 1683 meol

125 1712 202 1777 Quid
214 1718 257 1765 est
269 1711 347 1763 uliud
361 1711 425 1763 aliis
436 1728 486 1763 sua
501 1712 617 1780 eripere,
627 1711 689 1763 aliis
702 1711 769 1763 dare
782 1711 891 1765 alienat
925 1712 969 1764 84.

124 1793 248 1844 Tabulae
266 1808 333 1844 vero
354 1808 444 1844 novae
463 1792 533 1858 quid
556 1792 662 1845 babent
684 1792 841 1861 argumenti
863 1791 917 1844 nisi
937 1797 969 1845 ut

123 1888 199 1925 emas
218 1888 280 1924 mea
301 1872 420 1941 pecunia
436 1871 565 1938 fundum,
579 1888 643 1925 eum
662 1877 693 1925 tu
714 1873 826 1939 babeas,
838 1889 893 1941 ego
910 1888 969 1924 non

123 1953 241 2006 habeam
256 1953 425 2022 pecuniaml
461 1954 565 2007 XXIV.
583 1952 673 2017 Quam
689 1953 726 2005 ob
744 1970 803 2005 rem
817 1969 851 2005 ne
870 1952 907 2005 sit
922 1969 970 2005 aes

124 2034 246 2087 alienum
264 2035 346 2102 quod·
361 2034 401 2086 rei
421 2034 551 2103 publicae
572 2039 671 2087 noceat
691 2034 897 2102 providendum
917 2039 968 2099 est,
1037 2028 1042 2035 “

123 2117 201 2184 quod
217 2116 314 2169 multis
329 2115 485 2168 rationibus
500 2114 593 2167 caveri
608 2120 710 2183 potest,
723 2132 788 2183 non,
799 2115 823 2168 si
835 2114 925 2182 suerit,
936 2121 969 2167 ut

123 2196 279 2265 locupletes
292 2213 372 2249 suum
386 2196 515 2264 perdant,
525 2196 666 2248 debitores
681 2196 825 2249 lucrantur
836 2196 969 2249 alienum.

123 2278 184 2330 Nec
196 2279 270 2331 enim
284 2278 342 2330 ulla
354 2294 398 2329 res
410 2277 604 2330 vehementius
617 2294 674 2329 rem
688 2277 829 2346 publicam
842 2277 968 2330 continet

124 2375 208 2425 quam
223 2359 301 2422 fides,
314 2375 385 2425 quae
400 2374 458 2410 esse
473 2360 550 2411 nulla
565 2363 666 2427 potest,
680 2358 735 2410 nisi
749 2358 801 2411 erit
816 2357 969 2411 necessaria

124 2440 229 2491 solutio
251 2454 342 2491 rerum
372 2440 550 2493 creditarum.
591 2441 752 2507 Numquam
774 2438 969 2492 vehementius

124 2528 218 2572 actum
233 2526 275 2572 est
290 2535 374 2588 quam
389 2536 435 2571 me
451 2521 564 2572 consule
583 2537 617 2571 ne
636 2521 797 2573 solveretur.
830 2520 924 2572 Armis
939 2527 968 2571 et

124 2600 222 2653 castris
239 2606 376 2670 temptata
394 2617 437 2653 res
454 2606 497 2653 est
515 2601 550 2653 ab
571 2601 647 2653 omni
664 2618 765 2669 genere
779 2601 924 2654 bominum
939 2607 969 2651 et

124 2682 238 2735 ordine:
258 2682 363 2749 quibus
376 2681 417 2734 ita
435 2681 534 2750 restiti,
548 2688 581 2734 ut
595 2682 649 2734 hoe
664 2688 756 2735 totum
771 2683 874 2735 malum
888 2682 923 2733 de
938 2697 969 2733 re

124 2761 237 2832 publica
250 2764 401 2817 tolleret-ur.
439 2763 601 2830 Numquam
616 2779 668 2815 nec
683 2762 771 2815 maius
787 2779 833 2816 aas
845 2763 976 2819 alienum.

123 2843 178 2896 fuit
189 2860 241 2896 nec
252 2844 353 2896 melius
368 2859 420 2896 nec
433 2843 544 2896 facilius
556 2844 724 2896 dissolutum
738 2850 796 2897 est:
814 2843 967 2897 fraudandi

124 2925 196 2977 enim
210 2942 260 2993 spe
272 2926 382 2977 sublata
394 2925 523 2977 solvendi
533 2925 682 2977 necessitas
691 2930 841 2977 consecuta
851 2930 902 2977 est.
927 2925 967 2976 Aa

123 3022 191 3058 vero
201 3005 248 3057 hic
262 3021 339 3057 nunc
351 3005 450 3071 victor,
460 3010 522 3057 tum
535 3005 650 3073 quidem
663 3005 763 3073 victus,
774 3022 846 3073 quae
861 3006 967 3074 cogita-

123 3089 174 3150 rat,
188 3102 220 3137 ea
234 3085 360 3153 perfecit,
375 3102 438 3137 eum
454 3085 514 3137 eius
528 3085 585 3137 iam
601 3086 673 3136 nihil
689 3086 841 3140 interesset.
875 3088 967 3139 Tanta

122 3163 153 3215 in
167 3180 200 3216 eo
212 3164 350 3233 peccandi
364 3164 455 3217 libido
470 3164 535 3231 fuit,
544 3170 577 3217 ut
592 3166 646 3217 hoe
660 3165 752 3235 ipsum
766 3182 830 3220 eum
845 3168 967 3221 delecta-
