<?xml version="1.0" encoding="UTF-8"?>
<!DOCTYPE html PUBLIC "-//W3C//DTD XHTML 1.0 Transitional//EN"
    "http://www.w3.org/TR/xhtml1/DTD/xhtml1-transitional.dtd">
<html xmlns="http://www.w3.org/1999/xhtml" xml:lang="en" lang="en">
 <head>
  <title>
</title>
<meta http-equiv="Content-Type" content="text/html;charset=utf-8" />
  <meta name='ocr-system' content='tesseract 3.04.00' />
  <meta name='ocr-capabilities' content='ocr_page ocr_carea ocr_par ocr_line ocrx_word'/>
</head>
<body>
  <div class='ocr_page' id='page_1' title='image "./catomajorsivede01longgoog_0100.png"; bbox 0 0 2242 3542; ppageno 0'>
   <div class='ocr_carea' id='block_1_1' title="bbox 120 12 1039 3213">
    <p class='ocr_par' dir='ltr' id='par_1_1' title="bbox 120 12 1039 1520">
     <span class='ocr_line' id='line_1_1' title="bbox 120 12 1030 160; baseline -0.003 -78"><span class='ocrx_word' id='word_1_1' title='bbox 120 12 189 124; x_wconf 42' lang='grc' dir='ltr'><strong>«ἦ.</strong></span> <span class='ocrx_word' id='word_1_2' title='bbox 212 15 699 118; x_wconf 31' lang='lat' dir='ltr'><strong>&amp;damnarunt</strong></span> <span class='ocrx_word' id='word_1_3' title='bbox 712 19 1030 160; x_wconf 39' lang='lat' dir='ltr'><strong>Quantae„</strong></span> 
     </span>
     <span class='ocr_line' id='line_1_2' title="bbox 696 87 1038 141; baseline 0.015 -5"><span class='ocrx_word' id='word_1_4' title='bbox 696 90 720 136; x_wconf 61' lang='lat' dir='ltr'><strong>t.</strong></span> <span class='ocrx_word' id='word_1_5' title='bbox 812 87 987 139; x_wconf 47' lang='lat' dir='ltr'><strong>»ub-&amp;ln</strong></span> <span class='ocrx_word' id='word_1_6' title='bbox 1003 110 1038 141; x_wconf 59' lang='grc' dir='ltr'>μ</span> 
     </span>
     <span class='ocr_line' id='line_1_3' title="bbox 351 161 1039 224; baseline -0.006 -12"><span class='ocrx_word' id='word_1_7' title='bbox 351 163 422 212; x_wconf 85' lang='lat' dir='ltr'><strong>LIB.</strong></span> <span class='ocrx_word' id='word_1_8' title='bbox 438 163 472 224; x_wconf 90' lang='lat'><strong>1.‚</strong></span> <span class='ocrx_word' id='word_1_9' title='bbox 489 163 569 212; x_wconf 84' lang='lat' dir='ltr'><strong>CAP.</strong></span> <span class='ocrx_word' id='word_1_10' title='bbox 585 161 673 212; x_wconf 85' lang='lat' dir='ltr'>XXV.</span> <span class='ocrx_word' id='word_1_11' title='bbox 689 161 801 224; x_wconf 73' lang='lat' dir='ltr'><strong>xxvi,</strong></span> <span class='ocrx_word' id='word_1_12' title='bbox 819 161 834 222; x_wconf 60' lang='grc' dir='ltr'>ὅ</span> <span class='ocrx_word' id='word_1_13' title='bbox 848 163 937 211; x_wconf 82' lang='lat'>85-91.</span> <span class='ocrx_word' id='word_1_14' title='bbox 1033 165 1039 208; x_wconf 81' lang='lat' dir='ltr'><strong>t</strong></span> 
     </span>
     <span class='ocr_line' id='line_1_4' title="bbox 219 244 1038 314; baseline -0.002 -15"><span class='ocrx_word' id='word_1_15' title='bbox 219 246 295 299; x_wconf 87' lang='lat' dir='ltr'><strong>tudo</strong></span> <span class='ocrx_word' id='word_1_16' title='bbox 311 251 395 314; x_wconf 89' lang='lat' dir='ltr'><strong>atque</strong></span> <span class='ocrx_word' id='word_1_17' title='bbox 410 245 565 314; x_wconf 84' lang='lat' dir='ltr'><strong>clementia,</strong></span> <span class='ocrx_word' id='word_1_18' title='bbox 579 249 611 297; x_wconf 93' lang='lat' dir='ltr'><strong>ut</strong></span> <span class='ocrx_word' id='word_1_19' title='bbox 625 245 794 298; x_wconf 83' lang='lat' dir='ltr'><strong>adhibeatur</strong></span> <span class='ocrx_word' id='word_1_20' title='bbox 807 244 848 298; x_wconf 89' lang='lat' dir='ltr'><strong>rei</strong></span> <span class='ocrx_word' id='word_1_21' title='bbox 862 244 991 314; x_wconf 89' lang='lat' dir='ltr'><strong>publicae</strong></span> <span class='ocrx_word' id='word_1_22' title='bbox 1004 260 1038 297; x_wconf 88' lang='lat' dir='ltr'><strong>ca</strong></span> 
     </span>
     <span class='ocr_line' id='line_1_5' title="bbox 217 325 1039 395; baseline -0.002 -16"><span class='ocrx_word' id='word_1_23' title='bbox 217 343 254 380; x_wconf 86' lang='lat' dir='ltr'><strong>sa</strong></span> <span class='ocrx_word' id='word_1_24' title='bbox 269 327 408 395; x_wconf 86' lang='lat' dir='ltr'><strong>severitas,</strong></span> <span class='ocrx_word' id='word_1_25' title='bbox 422 327 481 379; x_wconf 87' lang='lat' dir='ltr'><strong>sine</strong></span> <span class='ocrx_word' id='word_1_26' title='bbox 496 343 552 395; x_wconf 90' lang='lat' dir='ltr'><strong>qua</strong></span> <span class='ocrx_word' id='word_1_27' title='bbox 570 325 759 379; x_wconf 89' lang='lat' dir='ltr'><strong>administrari</strong></span> <span class='ocrx_word' id='word_1_28' title='bbox 773 326 874 378; x_wconf 85' lang='lat' dir='ltr'><strong>civitas</strong></span> <span class='ocrx_word' id='word_1_29' title='bbox 891 342 948 378; x_wconf 91' lang='lat' dir='ltr'><strong>non</strong></span> <span class='ocrx_word' id='word_1_30' title='bbox 965 332 1039 395; x_wconf 78' lang='lat' dir='ltr'><strong>potes</strong></span> 
     </span>
     <span class='ocr_line' id='line_1_6' title="bbox 219 406 1036 475; baseline -0.002 -16"><span class='ocrx_word' id='word_1_31' title='bbox 219 407 323 459; x_wconf 88' lang='lat' dir='ltr'><strong>Omnis</strong></span> <span class='ocrx_word' id='word_1_32' title='bbox 335 412 428 460; x_wconf 90' lang='lat' dir='ltr'><strong>autom</strong></span> <span class='ocrx_word' id='word_1_33' title='bbox 440 412 469 460; x_wconf 89' lang='lat' dir='ltr'><strong>et</strong></span> <span class='ocrx_word' id='word_1_34' title='bbox 481 406 685 461; x_wconf 84' lang='lat' dir='ltr'><strong>animadversio</strong></span> <span class='ocrx_word' id='word_1_35' title='bbox 696 411 726 459; x_wconf 89' lang='lat' dir='ltr'><strong>et</strong></span> <span class='ocrx_word' id='word_1_36' title='bbox 736 407 886 475; x_wconf 74' lang='lat' dir='ltr'><strong>castigatio</strong></span> <span class='ocrx_word' id='word_1_37' title='bbox 896 407 1036 458; x_wconf 83' lang='lat' dir='ltr'>contumel</span> 
     </span>
     <span class='ocr_line' id='line_1_7' title="bbox 220 471 1039 556; baseline -0.004 -18"><span class='ocrx_word' id='word_1_38' title='bbox 220 503 323 539; x_wconf 87' lang='lat' dir='ltr'><strong>vacare</strong></span> <span class='ocrx_word' id='word_1_39' title='bbox 341 471 428 539; x_wconf 81' lang='lat' dir='ltr'><strong>d&#39;ebet</strong></span> <span class='ocrx_word' id='word_1_40' title='bbox 442 503 533 554; x_wconf 90' lang='lat' dir='ltr'><strong>neque</strong></span> <span class='ocrx_word' id='word_1_41' title='bbox 552 487 589 540; x_wconf 88' lang='lat' dir='ltr'><strong>ad</strong></span> <span class='ocrx_word' id='word_1_42' title='bbox 605 487 672 554; x_wconf 90' lang='lat' dir='ltr'><strong>eius,</strong></span> <span class='ocrx_word' id='word_1_43' title='bbox 685 487 735 554; x_wconf 93' lang='lat' dir='ltr'><strong>qui</strong></span> <span class='ocrx_word' id='word_1_44' title='bbox 749 487 865 556; x_wconf 90' lang='lat' dir='ltr'><strong>punitur</strong></span> <span class='ocrx_word' id='word_1_45' title='bbox 880 487 1001 554; x_wconf 81' lang='lat' dir='ltr'><strong>aliquem</strong></span> <span class='ocrx_word' id='word_1_46' title='bbox 1017 503 1039 538; x_wconf 82' lang='lat' dir='ltr'><strong>ar</strong></span> 
     </span>
     <span class='ocr_line' id='line_1_8' title="bbox 219 566 1039 637; baseline -0.006 -15"><span class='ocrx_word' id='word_1_47' title='bbox 219 566 316 622; x_wconf 88' lang='lat' dir='ltr'><strong>verbis</strong></span> <span class='ocrx_word' id='word_1_48' title='bbox 331 567 458 637; x_wconf 84' lang='lat' dir='ltr'><strong>castigat,</strong></span> <span class='ocrx_word' id='word_1_49' title='bbox 470 568 522 620; x_wconf 85' lang='lat' dir='ltr'><strong>sed</strong></span> <span class='ocrx_word' id='word_1_50' title='bbox 538 569 576 620; x_wconf 91' lang='lat' dir='ltr'><strong>ad</strong></span> <span class='ocrx_word' id='word_1_51' title='bbox 591 567 631 620; x_wconf 91' lang='lat' dir='ltr'><strong>rei</strong></span> <span class='ocrx_word' id='word_1_52' title='bbox 647 567 779 636; x_wconf 88' lang='lat' dir='ltr'><strong>publicae</strong></span> <span class='ocrx_word' id='word_1_53' title='bbox 796 567 947 620; x_wconf 77' lang='lat' dir='ltr'><strong>utilitatem</strong></span> <span class='ocrx_word' id='word_1_54' title='bbox 963 567 1039 619; x_wconf 73' lang='lat' dir='ltr'><strong>referi</strong></span> 
     </span>
     <span class='ocr_line' id='line_1_9' title="bbox 216 648 1038 718; baseline -0.004 -17"><span class='ocrx_word' id='word_1_55' title='bbox 216 650 267 702; x_wconf 82' lang='grc'><strong>89.</strong></span> <span class='ocrx_word' id='word_1_56' title='bbox 284 649 447 702; x_wconf 84' lang='lat' dir='ltr'><strong>Cavendum</strong></span> <span class='ocrx_word' id='word_1_57' title='bbox 462 653 504 700; x_wconf 89' lang='lat' dir='ltr'><strong>est</strong></span> <span class='ocrx_word' id='word_1_58' title='bbox 518 648 603 702; x_wconf 90' lang='lat' dir='ltr'><strong>etiam</strong></span> <span class='ocrx_word' id='word_1_59' title='bbox 618 665 653 701; x_wconf 91' lang='lat' dir='ltr'><strong>ne</strong></span> <span class='ocrx_word' id='word_1_60' title='bbox 671 648 761 701; x_wconf 91' lang='lat' dir='ltr'><strong>maior</strong></span> <span class='ocrx_word' id='word_1_61' title='bbox 774 665 866 718; x_wconf 88' lang='lat' dir='ltr'><strong>poena</strong></span> <span class='ocrx_word' id='word_1_62' title='bbox 881 664 966 715; x_wconf 87' lang='lat' dir='ltr'><strong>quam</strong></span> <span class='ocrx_word' id='word_1_63' title='bbox 982 649 1038 716; x_wconf 74' lang='lat' dir='ltr'><strong>cull</strong></span> 
     </span>
     <span class='ocr_line' id='line_1_10' title="bbox 218 728 1039 798; baseline 0 -17"><span class='ocrx_word' id='word_1_64' title='bbox 218 728 261 781; x_wconf 89' lang='lat' dir='ltr'><strong>sit</strong></span> <span class='ocrx_word' id='word_1_65' title='bbox 273 734 301 782; x_wconf 88' lang='lat' dir='ltr'><strong>et</strong></span> <span class='ocrx_word' id='word_1_66' title='bbox 312 745 347 781; x_wconf 91' lang='lat' dir='ltr'><strong>ne</strong></span> <span class='ocrx_word' id='word_1_67' title='bbox 360 729 460 782; x_wconf 90' lang='lat' dir='ltr'><strong>iisdem</strong></span> <span class='ocrx_word' id='word_1_68' title='bbox 471 729 508 781; x_wconf 88' lang='lat' dir='ltr'><strong>de</strong></span> <span class='ocrx_word' id='word_1_69' title='bbox 521 729 612 782; x_wconf 84' lang='lat' dir='ltr'><strong>causis</strong></span> <span class='ocrx_word' id='word_1_70' title='bbox 624 729 673 782; x_wconf 89' lang='lat' dir='ltr'><strong>alii</strong></span> <span class='ocrx_word' id='word_1_71' title='bbox 683 731 850 798; x_wconf 86' lang='lat' dir='ltr'><strong>plectantur,</strong></span> <span class='ocrx_word' id='word_1_72' title='bbox 863 729 912 781; x_wconf 91' lang='lat' dir='ltr'><strong>alii</strong></span> <span class='ocrx_word' id='word_1_73' title='bbox 924 745 959 781; x_wconf 91' lang='lat' dir='ltr'><strong>ne</strong></span> <span class='ocrx_word' id='word_1_74' title='bbox 971 746 1039 797; x_wconf 76' lang='lat' dir='ltr'><strong>appe</strong></span> 
     </span>
     <span class='ocr_line' id='line_1_11' title="bbox 220 809 1039 876; baseline -0.001 -15"><span class='ocrx_word' id='word_1_75' title='bbox 220 809 317 861; x_wconf 89' lang='lat' dir='ltr'><strong>lentur</strong></span> <span class='ocrx_word' id='word_1_76' title='bbox 329 809 452 876; x_wconf 90' lang='lat' dir='ltr'><strong>quidem.</strong></span> <span class='ocrx_word' id='word_1_77' title='bbox 491 810 671 862; x_wconf 85' lang='lat' dir='ltr'><strong>Prohibenda</strong></span> <span class='ocrx_word' id='word_1_78' title='bbox 685 816 779 862; x_wconf 88' lang='lat' dir='ltr'><strong>autem</strong></span> <span class='ocrx_word' id='word_1_79' title='bbox 794 809 914 861; x_wconf 84' lang='lat' dir='ltr'><strong>maxime</strong></span> <span class='ocrx_word' id='word_1_80' title='bbox 926 814 968 861; x_wconf 88' lang='lat' dir='ltr'><strong>est</strong></span> <span class='ocrx_word' id='word_1_81' title='bbox 981 809 1039 860; x_wconf 74' lang='lat' dir='ltr'><strong>irai</strong></span> 
     </span>
     <span class='ocr_line' id='line_1_12' title="bbox 219 889 1038 957; baseline 0 -17"><span class='ocrx_word' id='word_1_82' title='bbox 219 889 376 957; x_wconf 89' lang='lat' dir='ltr'><strong>puniendo.</strong></span> <span class='ocrx_word' id='word_1_83' title='bbox 414 890 577 956; x_wconf 89' lang='lat' dir='ltr'><strong>Numquam</strong></span> <span class='ocrx_word' id='word_1_84' title='bbox 586 889 661 940; x_wconf 88' lang='lat' dir='ltr'><strong>enim</strong></span> <span class='ocrx_word' id='word_1_85' title='bbox 673 889 760 941; x_wconf 91' lang='lat' dir='ltr'><strong>iratus</strong></span> <span class='ocrx_word' id='word_1_86' title='bbox 770 889 818 957; x_wconf 92' lang='lat' dir='ltr'><strong>qui</strong></span> <span class='ocrx_word' id='word_1_87' title='bbox 828 891 944 942; x_wconf 82' lang='lat' dir='ltr'><strong>accedet</strong></span> <span class='ocrx_word' id='word_1_88' title='bbox 953 890 990 941; x_wconf 92' lang='lat' dir='ltr'><strong>ad</strong></span> <span class='ocrx_word' id='word_1_89' title='bbox 1001 906 1038 957; x_wconf 93' lang='lat' dir='ltr'><strong>po</strong></span> 
     </span>
     <span class='ocr_line' id='line_1_13' title="bbox 220 968 1039 1036; baseline 0.001 -16"><span class='ocrx_word' id='word_1_90' title='bbox 220 985 289 1020; x_wconf 89' lang='lat' dir='ltr'><strong>nam</strong></span> <span class='ocrx_word' id='word_1_91' title='bbox 304 968 528 1021; x_wconf 84' lang='lat' dir='ltr'><strong>mediocritatem</strong></span> <span class='ocrx_word' id='word_1_92' title='bbox 542 969 621 1021; x_wconf 91' lang='lat' dir='ltr'><strong>illam</strong></span> <span class='ocrx_word' id='word_1_93' title='bbox 633 969 749 1036; x_wconf 88' lang='lat' dir='ltr'><strong>tenebit,</strong></span> <span class='ocrx_word' id='word_1_94' title='bbox 759 985 831 1036; x_wconf 90' lang='lat' dir='ltr'><strong>quae</strong></span> <span class='ocrx_word' id='word_1_95' title='bbox 843 974 884 1021; x_wconf 89' lang='lat' dir='ltr'><strong>est</strong></span> <span class='ocrx_word' id='word_1_96' title='bbox 898 971 972 1021; x_wconf 89' lang='lat' dir='ltr'><strong>inter</strong></span> <span class='ocrx_word' id='word_1_97' title='bbox 986 970 1039 1021; x_wconf 90' lang='lat' dir='ltr'><strong>nim</strong></span> 
     </span>
     <span class='ocr_line' id='line_1_14' title="bbox 220 1049 1039 1118; baseline 0.002 -18"><span class='ocrx_word' id='word_1_98' title='bbox 220 1064 272 1100; x_wconf 90' lang='lat' dir='ltr'><strong>um</strong></span> <span class='ocrx_word' id='word_1_99' title='bbox 285 1053 313 1101; x_wconf 91' lang='lat' dir='ltr'><strong>et</strong></span> <span class='ocrx_word' id='word_1_100' title='bbox 325 1065 432 1117; x_wconf 72' lang='lat' dir='ltr'><strong>parum,</strong></span> <span class='ocrx_word' id='word_1_101' title='bbox 443 1065 515 1116; x_wconf 87' lang='lat' dir='ltr'><strong>quae</strong></span> <span class='ocrx_word' id='word_1_102' title='bbox 527 1050 620 1118; x_wconf 89' lang='lat' dir='ltr'><strong>placet</strong></span> <span class='ocrx_word' id='word_1_103' title='bbox 632 1049 824 1118; x_wconf 83' lang='lat' dir='ltr'><strong>Peripateticis</strong></span> <span class='ocrx_word' id='word_1_104' title='bbox 837 1054 865 1101; x_wconf 89' lang='lat' dir='ltr'><strong>ct</strong></span> <span class='ocrx_word' id='word_1_105' title='bbox 879 1054 952 1102; x_wconf 89' lang='lat' dir='ltr'><strong>recte</strong></span> <span class='ocrx_word' id='word_1_106' title='bbox 964 1051 1039 1118; x_wconf 75' lang='lat' dir='ltr'><strong>place</strong></span> 
     </span>
     <span class='ocr_line' id='line_1_15' title="bbox 219 1129 1031 1183; baseline 0.001 -2"><span class='ocrx_word' id='word_1_107' title='bbox 219 1129 309 1181; x_wconf 87' lang='lat' dir='ltr'><strong>modo</strong></span> <span class='ocrx_word' id='word_1_108' title='bbox 328 1146 363 1182; x_wconf 91' lang='lat' dir='ltr'><strong>ne</strong></span> <span class='ocrx_word' id='word_1_109' title='bbox 381 1130 528 1182; x_wconf 83' lang='lat' dir='ltr'><strong>laudarent</strong></span> <span class='ocrx_word' id='word_1_110' title='bbox 546 1130 720 1182; x_wconf 88' lang='lat' dir='ltr'><strong>iracundiam</strong></span> <span class='ocrx_word' id='word_1_111' title='bbox 738 1135 767 1182; x_wconf 89' lang='lat' dir='ltr'><strong>et</strong></span> <span class='ocrx_word' id='word_1_112' title='bbox 783 1131 910 1182; x_wconf 82' lang='lat' dir='ltr'><strong>dicerent</strong></span> <span class='ocrx_word' id='word_1_113' title='bbox 924 1131 1031 1183; x_wconf 86' lang='lat' dir='ltr'><strong>utiliter·</strong></span> 
     </span>
     <span class='ocr_line' id='line_1_16' title="bbox 221 1210 1038 1280; baseline 0.002 -19"><span class='ocrx_word' id='word_1_114' title='bbox 221 1214 323 1262; x_wconf 87' lang='lat' dir='ltr'><strong>natura</strong></span> <span class='ocrx_word' id='word_1_115' title='bbox 335 1211 438 1263; x_wconf 86' lang='lat' dir='ltr'><strong>datam.</strong></span> <span class='ocrx_word' id='word_1_116' title='bbox 476 1211 529 1264; x_wconf 91' lang='lat' dir='ltr'><strong>Illa</strong></span> <span class='ocrx_word' id='word_1_117' title='bbox 536 1227 603 1263; x_wconf 83' lang='lat' dir='ltr'><strong>vero</strong></span> <span class='ocrx_word' id='word_1_118' title='bbox 612 1210 743 1264; x_wconf 91' lang='lat' dir='ltr'><strong>omnibus</strong></span> <span class='ocrx_word' id='word_1_119' title='bbox 755 1211 785 1262; x_wconf 86' lang='lat' dir='ltr'><strong>in</strong></span> <span class='ocrx_word' id='word_1_120' title='bbox 797 1212 879 1262; x_wconf 87' lang='lat' dir='ltr'><strong>rebus</strong></span> <span class='ocrx_word' id='word_1_121' title='bbox 891 1211 1038 1280; x_wconf 66' lang='lat' dir='ltr'><strong>repudiant</strong></span> 
     </span>
     <span class='ocr_line' id='line_1_17' title="bbox 219 1291 1037 1361; baseline 0.002 -19"><span class='ocrx_word' id='word_1_122' title='bbox 219 1294 266 1342; x_wconf 86' lang='lat' dir='ltr'><strong>est</strong></span> <span class='ocrx_word' id='word_1_123' title='bbox 284 1291 503 1360; x_wconf 78' lang='lat' dir='ltr'><strong>optandumque,</strong></span> <span class='ocrx_word' id='word_1_124' title='bbox 517 1296 549 1344; x_wconf 90' lang='lat' dir='ltr'><strong>ut</strong></span> <span class='ocrx_word' id='word_1_125' title='bbox 568 1291 597 1359; x_wconf 87' lang='lat' dir='ltr'><strong>ii,</strong></span> <span class='ocrx_word' id='word_1_126' title='bbox 611 1291 660 1359; x_wconf 90' lang='lat' dir='ltr'><strong>qni</strong></span> <span class='ocrx_word' id='word_1_127' title='bbox 674 1299 806 1361; x_wconf 84' lang='lat' dir='ltr'><strong>praesunt</strong></span> <span class='ocrx_word' id='word_1_128' title='bbox 824 1292 862 1344; x_wconf 89' lang='lat' dir='ltr'><strong>rei</strong></span> <span class='ocrx_word' id='word_1_129' title='bbox 877 1292 1014 1360; x_wconf 83' lang='lat' dir='ltr'><strong>publicae,</strong></span> <span class='ocrx_word' id='word_1_130' title='bbox 1028 1295 1037 1344; x_wconf 99' lang='lat' dir='ltr'><strong>l</strong></span> 
     </span>
     <span class='ocr_line' id='line_1_18' title="bbox 219 1371 1039 1441; baseline 0.002 -18"><span class='ocrx_word' id='word_1_131' title='bbox 219 1388 291 1440; x_wconf 83' lang='lat' dir='ltr'><strong>gum</strong></span> <span class='ocrx_word' id='word_1_132' title='bbox 309 1371 413 1424; x_wconf 83' lang='lat' dir='ltr'><strong>similes</strong></span> <span class='ocrx_word' id='word_1_133' title='bbox 431 1373 495 1439; x_wconf 86' lang='lat' dir='ltr'><strong>sint,</strong></span> <span class='ocrx_word' id='word_1_134' title='bbox 508 1389 581 1440; x_wconf 91' lang='lat' dir='ltr'><strong>quae</strong></span> <span class='ocrx_word' id='word_1_135' title='bbox 599 1373 636 1425; x_wconf 88' lang='lat' dir='ltr'><strong>ad</strong></span> <span class='ocrx_word' id='word_1_136' title='bbox 650 1372 824 1441; x_wconf 92' lang='lat' dir='ltr'><strong>puniendum</strong></span> <span class='ocrx_word' id='word_1_137' title='bbox 842 1389 898 1423; x_wconf 87' lang='lat' dir='ltr'><strong>uon</strong></span> <span class='ocrx_word' id='word_1_138' title='bbox 913 1372 1039 1425; x_wconf 85' lang='lat' dir='ltr'><strong>iracundi</strong></span> 
     </span>
     <span class='ocr_line' id='line_1_19' title="bbox 220 1452 588 1520; baseline 0.005 -17"><span class='ocrx_word' id='word_1_139' title='bbox 220 1452 273 1504; x_wconf 86' lang='lat' dir='ltr'><strong>scd</strong></span> <span class='ocrx_word' id='word_1_140' title='bbox 287 1453 425 1520; x_wconf 89' lang='lat' dir='ltr'><strong>aequitate</strong></span> <span class='ocrx_word' id='word_1_141' title='bbox 438 1454 588 1506; x_wconf 84' lang='lat' dir='ltr'><strong>ducuntur.</strong></span> 
     </span>
    </p>

    <p class='ocr_par' dir='ltr' id='par_1_2' title="bbox 220 1532 1039 2650">
     <span class='ocr_line' id='line_1_20' title="bbox 259 1532 1039 1602; baseline 0.001 -18"><span class='ocrx_word' id='word_1_142' title='bbox 259 1533 363 1587; x_wconf 80' lang='lat' dir='ltr'>XXVI.</span> <span class='ocrx_word' id='word_1_143' title='bbox 401 1532 553 1600; x_wconf 76' lang='lat' dir='ltr'><strong>euntque</strong></span> <span class='ocrx_word' id='word_1_144' title='bbox 570 1532 658 1585; x_wconf 89' lang='lat' dir='ltr'><strong>etiam</strong></span> <span class='ocrx_word' id='word_1_145' title='bbox 675 1532 706 1584; x_wconf 88' lang='lat' dir='ltr'><strong>in</strong></span> <span class='ocrx_word' id='word_1_146' title='bbox 724 1533 806 1585; x_wconf 81' lang='lat' dir='ltr'><strong>rebus</strong></span> <span class='ocrx_word' id='word_1_147' title='bbox 824 1533 963 1602; x_wconf 80' lang='lat' dir='ltr'><strong>prosperis</strong></span> <span class='ocrx_word' id='word_1_148' title='bbox 980 1539 1009 1584; x_wconf 91' lang='lat' dir='ltr'><strong>et</strong></span> <span class='ocrx_word' id='word_1_149' title='bbox 1028 1551 1039 1585; x_wconf 89' lang='lat' dir='ltr'><strong>a</strong></span> 
     </span>
     <span class='ocr_line' id='line_1_21' title="bbox 221 1613 1039 1682; baseline 0.005 -20"><span class='ocrx_word' id='word_1_150' title='bbox 221 1615 397 1666; x_wconf 85' lang='lat' dir='ltr'><strong>voluntatem</strong></span> <span class='ocrx_word' id='word_1_151' title='bbox 407 1613 688 1666; x_wconf 88' lang='lat' dir='ltr'><strong>nostramfluentihus</strong></span> <span class='ocrx_word' id='word_1_152' title='bbox 696 1613 855 1682; x_wconf 88' lang='lat' dir='ltr'><strong>superbiam</strong></span> <span class='ocrx_word' id='word_1_153' title='bbox 862 1630 965 1682; x_wconf 87' lang='lat' dir='ltr'><strong>magno</strong></span> <span class='ocrx_word' id='word_1_154' title='bbox 973 1631 1039 1682; x_wconf 87' lang='lat' dir='ltr'><strong>oper</strong></span> 
     </span>
     <span class='ocr_line' id='line_1_22' title="bbox 222 1693 1039 1764; baseline 0.001 -18"><span class='ocrx_word' id='word_1_155' title='bbox 222 1693 369 1747; x_wconf 73' lang='lat' dir='ltr'><strong>fastidium</strong></span> <span class='ocrx_word' id='word_1_156' title='bbox 383 1695 636 1763; x_wconf 86' lang='lat' dir='ltr'><strong>adrogantiamque</strong></span> <span class='ocrx_word' id='word_1_157' title='bbox 651 1694 800 1764; x_wconf 87' lang='lat' dir='ltr'><strong>fugiamus.</strong></span> <span class='ocrx_word' id='word_1_158' title='bbox 837 1696 909 1747; x_wconf 87' lang='lat' dir='ltr'><strong>Num</strong></span> <span class='ocrx_word' id='word_1_159' title='bbox 924 1700 954 1747; x_wconf 89' lang='lat' dir='ltr'><strong>nt</strong></span> <span class='ocrx_word' id='word_1_160' title='bbox 969 1696 1039 1748; x_wconf 80' lang='lat' dir='ltr'><strong>adve</strong></span> 
     </span>
     <span class='ocr_line' id='line_1_23' title="bbox 221 1774 1037 1843; baseline 0.002 -17"><span class='ocrx_word' id='word_1_161' title='bbox 221 1791 268 1827; x_wconf 88' lang='lat' dir='ltr'><strong>sas</strong></span> <span class='ocrx_word' id='word_1_162' title='bbox 289 1791 340 1843; x_wconf 87' lang='lat' dir='ltr'><strong>res,</strong></span> <span class='ocrx_word' id='word_1_163' title='bbox 361 1776 402 1828; x_wconf 88' lang='lat' dir='ltr'><strong>sic</strong></span> <span class='ocrx_word' id='word_1_164' title='bbox 423 1776 560 1828; x_wconf 88' lang='lat' dir='ltr'><strong>secundas</strong></span> <span class='ocrx_word' id='word_1_165' title='bbox 581 1776 764 1828; x_wconf 90' lang='lat' dir='ltr'><strong>immoderate</strong></span> <span class='ocrx_word' id='word_1_166' title='bbox 785 1774 855 1827; x_wconf 84' lang='lat' dir='ltr'><strong>ferre</strong></span> <span class='ocrx_word' id='word_1_167' title='bbox 878 1776 1001 1828; x_wconf 83' lang='lat' dir='ltr'><strong>levitatis</strong></span> <span class='ocrx_word' id='word_1_168' title='bbox 1023 1794 1037 1828; x_wconf 92' lang='lat' dir='ltr'><strong>e</strong></span> 
     </span>
     <span class='ocr_line' id='line_1_24' title="bbox 220 1855 1038 1924; baseline 0.002 -17"><span class='ocrx_word' id='word_1_169' title='bbox 220 1856 419 1924; x_wconf 87' lang='lat' dir='ltr'><strong>praeclaraque</strong></span> <span class='ocrx_word' id='word_1_170' title='bbox 429 1862 471 1908; x_wconf 87' lang='lat' dir='ltr'><strong>est</strong></span> <span class='ocrx_word' id='word_1_171' title='bbox 483 1856 669 1924; x_wconf 86' lang='lat' dir='ltr'><strong>aequabilitas</strong></span> <span class='ocrx_word' id='word_1_172' title='bbox 678 1856 708 1907; x_wconf 90' lang='lat' dir='ltr'><strong>in</strong></span> <span class='ocrx_word' id='word_1_173' title='bbox 718 1855 795 1908; x_wconf 91' lang='lat' dir='ltr'><strong>omni</strong></span> <span class='ocrx_word' id='word_1_174' title='bbox 804 1856 863 1909; x_wconf 81' lang='lat' dir='ltr'><strong>vira</strong></span> <span class='ocrx_word' id='word_1_175' title='bbox 872 1863 900 1908; x_wconf 89' lang='lat' dir='ltr'><strong>ct</strong></span> <span class='ocrx_word' id='word_1_176' title='bbox 910 1857 985 1908; x_wconf 88' lang='lat' dir='ltr'><strong>idem</strong></span> <span class='ocrx_word' id='word_1_177' title='bbox 996 1875 1038 1909; x_wconf 77' lang='lat' dir='ltr'><strong>sert</strong></span> 
     </span>
     <span class='ocr_line' id='line_1_25' title="bbox 222 1936 1037 2006; baseline 0.002 -18"><span class='ocrx_word' id='word_1_178' title='bbox 222 1952 273 2005; x_wconf 86' lang='lat' dir='ltr'><strong>per</strong></span> <span class='ocrx_word' id='word_1_179' title='bbox 287 1938 381 1989; x_wconf 89' lang='lat' dir='ltr'><strong>vultus</strong></span> <span class='ocrx_word' id='word_1_180' title='bbox 396 1938 550 2004; x_wconf 88' lang='lat' dir='ltr'><strong>eademqne</strong></span> <span class='ocrx_word' id='word_1_181' title='bbox 564 1936 649 2002; x_wconf 79' lang='lat' dir='ltr'><strong>frons,</strong></span> <span class='ocrx_word' id='word_1_182' title='bbox 663 1944 694 1989; x_wconf 89' lang='lat' dir='ltr'><strong>ut</strong></span> <span class='ocrx_word' id='word_1_183' title='bbox 708 1937 745 1988; x_wconf 91' lang='lat' dir='ltr'><strong>de</strong></span> <span class='ocrx_word' id='word_1_184' title='bbox 761 1937 873 1988; x_wconf 81' lang='lat' dir='ltr'><strong>Socrate</strong></span> <span class='ocrx_word' id='word_1_185' title='bbox 892 1937 1014 2006; x_wconf 85' lang='lat' dir='ltr'><strong>itemque</strong></span> <span class='ocrx_word' id='word_1_186' title='bbox 1030 1957 1037 1990; x_wconf 90' lang='lat'>‹</span> 
     </span>
     <span class='ocr_line' id='line_1_26' title="bbox 220 2016 1035 2085; baseline 0.004 -17"><span class='ocrx_word' id='word_1_187' title='bbox 220 2019 253 2068; x_wconf 81' lang='lat'><strong>0.</strong></span> <span class='ocrx_word' id='word_1_188' title='bbox 264 2017 359 2068; x_wconf 87' lang='lat' dir='ltr'><strong>Laelio</strong></span> <span class='ocrx_word' id='word_1_189' title='bbox 371 2017 538 2084; x_wconf 87' lang='lat' dir='ltr'><strong>accepimus.</strong></span> <span class='ocrx_word' id='word_1_190' title='bbox 576 2016 740 2085; x_wconf 89' lang='lat' dir='ltr'><strong>Philippum</strong></span> <span class='ocrx_word' id='word_1_191' title='bbox 752 2016 867 2083; x_wconf 89' lang='lat' dir='ltr'><strong>quidem</strong></span> <span class='ocrx_word' id='word_1_192' title='bbox 880 2018 1035 2071; x_wconf 85' lang='lat' dir='ltr'><strong>lllaccdonu</strong></span> 
     </span>
     <span class='ocr_line' id='line_1_27' title="bbox 223 2095 1036 2165; baseline 0.005 -18"><span class='ocrx_word' id='word_1_193' title='bbox 223 2112 317 2164; x_wconf 87' lang='lat' dir='ltr'><strong>regern</strong></span> <span class='ocrx_word' id='word_1_194' title='bbox 328 2097 408 2148; x_wconf 88' lang='lat' dir='ltr'><strong>rebus</strong></span> <span class='ocrx_word' id='word_1_195' title='bbox 421 2095 506 2164; x_wconf 83' lang='lat' dir='ltr'><strong>gestis</strong></span> <span class='ocrx_word' id='word_1_196' title='bbox 518 2101 547 2148; x_wconf 91' lang='lat' dir='ltr'><strong>et</strong></span> <span class='ocrx_word' id='word_1_197' title='bbox 559 2096 650 2164; x_wconf 89' lang='lat' dir='ltr'><strong>gloria</strong></span> <span class='ocrx_word' id='word_1_198' title='bbox 664 2100 825 2165; x_wconf 87' lang='lat' dir='ltr'><strong>superatum</strong></span> <span class='ocrx_word' id='word_1_199' title='bbox 838 2097 922 2149; x_wconf 85' lang='lat' dir='ltr'><strong>ofilio</strong></span> <span class='ocrx_word' id='word_1_200' title='bbox 932 2097 1036 2152; x_wconf 86' lang='lat' dir='ltr'><strong>facilita</strong></span> 
     </span>
     <span class='ocr_line' id='line_1_28' title="bbox 222 2175 1035 2246; baseline 0.005 -18"><span class='ocrx_word' id='word_1_201' title='bbox 222 2181 253 2229; x_wconf 90' lang='lat' dir='ltr'><strong>et</strong></span> <span class='ocrx_word' id='word_1_202' title='bbox 271 2175 444 2228; x_wconf 88' lang='lat' dir='ltr'><strong>humanitate</strong></span> <span class='ocrx_word' id='word_1_203' title='bbox 459 2175 542 2229; x_wconf 85' lang='lat' dir='ltr'><strong>video</strong></span> <span class='ocrx_word' id='word_1_204' title='bbox 561 2176 731 2244; x_wconf 88' lang='lat' dir='ltr'><strong>superiorem</strong></span> <span class='ocrx_word' id='word_1_205' title='bbox 749 2175 841 2230; x_wconf 80' lang='lat' dir='ltr'><strong>fuisse.</strong></span> <span class='ocrx_word' id='word_1_206' title='bbox 878 2179 977 2246; x_wconf 88' lang='lat' dir='ltr'><strong>Itaque</strong></span> <span class='ocrx_word' id='word_1_207' title='bbox 996 2182 1035 2232; x_wconf 90' lang='lat' dir='ltr'><strong>alt</strong></span> 
     </span>
     <span class='ocr_line' id='line_1_29' title="bbox 221 2256 1036 2328; baseline 0.006 -20"><span class='ocrx_word' id='word_1_208' title='bbox 221 2273 333 2326; x_wconf 77' lang='lat' dir='ltr'><strong>semper</strong></span> <span class='ocrx_word' id='word_1_209' title='bbox 344 2272 469 2325; x_wconf 81' lang='lat' dir='ltr'><strong>magnus,</strong></span> <span class='ocrx_word' id='word_1_210' title='bbox 484 2257 554 2308; x_wconf 88' lang='lat' dir='ltr'><strong>alter</strong></span> <span class='ocrx_word' id='word_1_211' title='bbox 566 2272 648 2324; x_wconf 84' lang='lat' dir='ltr'><strong>saepe</strong></span> <span class='ocrx_word' id='word_1_212' title='bbox 661 2256 845 2325; x_wconf 83' lang='lat' dir='ltr'><strong>turpissimus,</strong></span> <span class='ocrx_word' id='word_1_213' title='bbox 858 2263 890 2309; x_wconf 90' lang='lat' dir='ltr'><strong>ut</strong></span> <span class='ocrx_word' id='word_1_214' title='bbox 903 2266 976 2322; x_wconf 78' lang='lat' dir='ltr'><strong>recte</strong></span> <span class='ocrx_word' id='word_1_215' title='bbox 988 2277 1036 2328; x_wconf 89' lang='lat' dir='ltr'><strong>pra</strong></span> 
     </span>
     <span class='ocr_line' id='line_1_30' title="bbox 223 2337 1036 2408; baseline 0.004 -18"><span class='ocrx_word' id='word_1_216' title='bbox 223 2337 315 2406; x_wconf 87' lang='lat' dir='ltr'><strong>cipere</strong></span> <span class='ocrx_word' id='word_1_217' title='bbox 328 2337 476 2390; x_wconf 86' lang='lat' dir='ltr'><strong>videantur</strong></span> <span class='ocrx_word' id='word_1_218' title='bbox 489 2337 538 2404; x_wconf 90' lang='lat' dir='ltr'><strong>qui</strong></span> <span class='ocrx_word' id='word_1_219' title='bbox 553 2341 674 2405; x_wconf 79' lang='lat' dir='ltr'><strong>monent,</strong></span> <span class='ocrx_word' id='word_1_220' title='bbox 688 2343 728 2406; x_wconf 82' lang='lat' dir='ltr'><strong>ut,</strong></span> <span class='ocrx_word' id='word_1_221' title='bbox 742 2342 848 2405; x_wconf 87' lang='lat' dir='ltr'><strong>quanto</strong></span> <span class='ocrx_word' id='word_1_222' title='bbox 863 2340 1016 2408; x_wconf 82' lang='lat' dir='ltr'><strong>superiores</strong></span> <span class='ocrx_word' id='word_1_223' title='bbox 1031 2359 1036 2392; x_wconf 70' lang='lat' dir='ltr'><strong>r</strong></span> 
     </span>
     <span class='ocr_line' id='line_1_31' title="bbox 223 2418 1034 2490; baseline 0.005 -20"><span class='ocrx_word' id='word_1_224' title='bbox 223 2434 294 2486; x_wconf 81' lang='lat' dir='ltr'><strong>mua,</strong></span> <span class='ocrx_word' id='word_1_225' title='bbox 307 2423 387 2470; x_wconf 86' lang='lat' dir='ltr'><strong>tanto</strong></span> <span class='ocrx_word' id='word_1_226' title='bbox 405 2434 456 2468; x_wconf 90' lang='lat' dir='ltr'><strong>nos</strong></span> <span class='ocrx_word' id='word_1_227' title='bbox 477 2433 607 2486; x_wconf 86' lang='lat' dir='ltr'><strong>geramus</strong></span> <span class='ocrx_word' id='word_1_228' title='bbox 628 2418 800 2472; x_wconf 88' lang='lat' dir='ltr'><strong>submissius.</strong></span> <span class='ocrx_word' id='word_1_229' title='bbox 837 2421 986 2473; x_wconf 86' lang='lat' dir='ltr'><strong>Panaetius</strong></span> <span class='ocrx_word' id='word_1_230' title='bbox 1006 2439 1034 2490; x_wconf 82' lang='lat' dir='ltr'><strong>qr</strong></span> 
     </span>
     <span class='ocr_line' id='line_1_32' title="bbox 221 2497 1032 2554; baseline 0.002 -2"><span class='ocrx_word' id='word_1_231' title='bbox 221 2501 289 2552; x_wconf 86' lang='lat' dir='ltr'><strong>dem</strong></span> <span class='ocrx_word' id='word_1_232' title='bbox 303 2497 487 2551; x_wconf 81' lang='lat' dir='ltr'><strong>“Africanum</strong></span> <span class='ocrx_word' id='word_1_233' title='bbox 505 2499 664 2553; x_wconf 85' lang='lat' dir='ltr'><strong>auditorem</strong></span> <span class='ocrx_word' id='word_1_234' title='bbox 680 2506 708 2553; x_wconf 90' lang='lat' dir='ltr'><strong>et</strong></span> <span class='ocrx_word' id='word_1_235' title='bbox 721 2500 886 2552; x_wconf 86' lang='lat' dir='ltr'><strong>familiarem</strong></span> <span class='ocrx_word' id='word_1_236' title='bbox 905 2518 986 2554; x_wconf 88' lang='lat' dir='ltr'><strong>suum</strong></span> <span class='ocrx_word' id='word_1_237' title='bbox 1001 2519 1032 2554; x_wconf 86' lang='lat' dir='ltr'><strong>so</strong></span> 
     </span>
     <span class='ocr_line' id='line_1_33' title="bbox 222 2577 1034 2650; baseline 0.002 -18"><span class='ocrx_word' id='word_1_238' title='bbox 222 2581 304 2632; x_wconf 83' lang='lat' dir='ltr'><strong>tum&#39;’</strong></span> <span class='ocrx_word' id='word_1_239' title='bbox 314 2579 356 2632; x_wconf 88' lang='lat' dir='ltr'><strong>ait</strong></span> <span class='ocrx_word' id='word_1_240' title='bbox 367 2581 381 2608; x_wconf 70' lang='lat'><strong>‘⁴</strong></span> <span class='ocrx_word' id='word_1_241' title='bbox 388 2577 488 2644; x_wconf 74' lang='lat' dir='ltr'><strong>dicere,</strong></span> <span class='ocrx_word' id='word_1_242' title='bbox 494 2584 525 2632; x_wconf 92' lang='lat' dir='ltr'><strong>ut</strong></span> <span class='ocrx_word' id='word_1_243' title='bbox 534 2595 622 2648; x_wconf 89' lang='lat' dir='ltr'><strong>equos</strong></span> <span class='ocrx_word' id='word_1_244' title='bbox 631 2586 746 2650; x_wconf 87' lang='lat' dir='ltr'><strong>propter</strong></span> <span class='ocrx_word' id='word_1_245' title='bbox 753 2582 864 2634; x_wconf 84' lang='lat' dir='ltr'><strong>crebras</strong></span> <span class='ocrx_word' id='word_1_246' title='bbox 873 2583 1034 2634; x_wconf 78' lang='lat' dir='ltr'><strong>contentiori</strong></span> 
     </span>
    </p>

    <p class='ocr_par' dir='ltr' id='par_1_3' title="bbox 138 2661 1034 3213">
     <span class='ocr_line' id='line_1_34' title="bbox 138 2661 1034 2731; baseline 0.007 -20"><span class='ocrx_word' id='word_1_247' title='bbox 138 2715 150 2730; x_wconf 42' lang='lat' dir='ltr'><strong><em>s</em></strong></span> <span class='ocrx_word' id='word_1_248' title='bbox 222 2661 392 2731; x_wconf 88' lang='lat' dir='ltr'><strong>proeliorum</strong></span> <span class='ocrx_word' id='word_1_249' title='bbox 407 2661 551 2714; x_wconf 84' lang='lat' dir='ltr'><strong>ferocitate</strong></span> <span class='ocrx_word' id='word_1_250' title='bbox 567 2664 740 2714; x_wconf 81' lang='lat' dir='ltr'><strong>exsultantes</strong></span> <span class='ocrx_word' id='word_1_251' title='bbox 755 2662 940 2715; x_wconf 89' lang='lat' dir='ltr'><strong>domitoribus</strong></span> <span class='ocrx_word' id='word_1_252' title='bbox 954 2666 1034 2717; x_wconf 89' lang='lat' dir='ltr'><strong>trade</strong></span> 
     </span>
     <span class='ocr_line' id='line_1_35' title="bbox 222 2741 1034 2812; baseline 0.004 -18"><span class='ocrx_word' id='word_1_253' title='bbox 222 2743 383 2808; x_wconf 71' lang='lat' dir='ltr'><strong>soleamus</strong></span> <span class='ocrx_word' id='word_1_254' title='bbox 401 2741 436 2794; x_wconf 87' lang='lat' dir='ltr'><strong>iis</strong></span> <span class='ocrx_word' id='word_1_255' title='bbox 451 2741 624 2794; x_wconf 84' lang='lat' dir='ltr'><strong>facilioribus</strong></span> <span class='ocrx_word' id='word_1_256' title='bbox 639 2742 747 2812; x_wconf 88' lang='lat' dir='ltr'><strong>possint</strong></span> <span class='ocrx_word' id='word_1_257' title='bbox 765 2742 815 2808; x_wconf 89' lang='lat' dir='ltr'><strong>uti,</strong></span> <span class='ocrx_word' id='word_1_258' title='bbox 829 2743 869 2794; x_wconf 87' lang='lat' dir='ltr'><strong>sic</strong></span> <span class='ocrx_word' id='word_1_259' title='bbox 884 2744 1034 2798; x_wconf 76' lang='lat' dir='ltr'><strong>hominess</strong></span> 
     </span>
     <span class='ocr_line' id='line_1_36' title="bbox 222 2822 1033 2892; baseline 0.005 -18"><span class='ocrx_word' id='word_1_260' title='bbox 222 2822 324 2874; x_wconf 79' lang='lat' dir='ltr'><strong>erindis</strong></span> <span class='ocrx_word' id='word_1_261' title='bbox 338 2823 420 2876; x_wconf 90' lang='lat' dir='ltr'><strong>rebus</strong></span> <span class='ocrx_word' id='word_1_262' title='bbox 434 2822 582 2875; x_wconf 87' lang='lat' dir='ltr'><strong>effrenatos</strong></span> <span class='ocrx_word' id='word_1_263' title='bbox 596 2823 706 2891; x_wconf 88' lang='lat' dir='ltr'><strong>sibique</strong></span> <span class='ocrx_word' id='word_1_264' title='bbox 721 2824 906 2892; x_wconf 87' lang='lat' dir='ltr'><strong>praefidentes</strong></span> <span class='ocrx_word' id='word_1_265' title='bbox 922 2832 1033 2892; x_wconf 85' lang='lat' dir='ltr'><strong>tamque</strong></span> 
     </span>
     <span class='ocr_line' id='line_1_37' title="bbox 223 2902 1033 2975; baseline 0.007 -23"><span class='ocrx_word' id='word_1_266' title='bbox 223 2902 253 2952; x_wconf 91' lang='lat' dir='ltr'><strong>in</strong></span> <span class='ocrx_word' id='word_1_267' title='bbox 269 2918 368 2970; x_wconf 87' lang='lat' dir='ltr'><strong>gyrum</strong></span> <span class='ocrx_word' id='word_1_268' title='bbox 386 2903 503 2955; x_wconf 87' lang='lat' dir='ltr'><strong>rationis</strong></span> <span class='ocrx_word' id='word_1_269' title='bbox 522 2908 550 2955; x_wconf 91' lang='lat' dir='ltr'><strong>ct</strong></span> <span class='ocrx_word' id='word_1_270' title='bbox 569 2904 713 2956; x_wconf 88' lang='lat' dir='ltr'><strong>doctrinae</strong></span> <span class='ocrx_word' id='word_1_271' title='bbox 729 2904 794 2956; x_wconf 91' lang='lat' dir='ltr'><strong>duci</strong></span> <span class='ocrx_word' id='word_1_272' title='bbox 810 2911 989 2972; x_wconf 69' lang='lat' dir='ltr'><strong>oporterent</strong></span> <span class='ocrx_word' id='word_1_273' title='bbox 1004 2922 1033 2975; x_wconf 77' lang='lat' dir='ltr'><strong>pr</strong></span> 
     </span>
     <span class='ocr_line' id='line_1_38' title="bbox 222 2981 1033 3050; baseline 0.004 -15"><span class='ocrx_word' id='word_1_274' title='bbox 222 2981 361 3050; x_wconf 86' lang='lat' dir='ltr'><strong>spicerent</strong></span> <span class='ocrx_word' id='word_1_275' title='bbox 371 3000 460 3036; x_wconf 85' lang='lat' dir='ltr'><strong>rerum</strong></span> <span class='ocrx_word' id='word_1_276' title='bbox 471 2984 654 3036; x_wconf 87' lang='lat' dir='ltr'><strong>humanarum</strong></span> <span class='ocrx_word' id='word_1_277' title='bbox 662 2984 884 3037; x_wconf 88' lang='lat' dir='ltr'><strong>imbecillitatem</strong></span> <span class='ocrx_word' id='word_1_278' title='bbox 892 2986 1033 3038; x_wconf 88' lang='lat' dir='ltr'><strong>varietater</strong></span> 
     </span>
     <span class='ocr_line' id='line_1_39' title="bbox 223 3063 1031 3132; baseline 0.005 -16"><span class='ocrx_word' id='word_1_279' title='bbox 223 3063 439 3130; x_wconf 74' lang='lat' dir='ltr'><strong>quefortunae.&#39;’</strong></span> <span class='ocrx_word' id='word_1_280' title='bbox 471 3065 622 3132; x_wconf 83' lang='lat' dir='ltr'><strong>91..Atquc</strong></span> <span class='ocrx_word' id='word_1_281' title='bbox 633 3065 717 3118; x_wconf 89' lang='lat' dir='ltr'><strong>etiam</strong></span> <span class='ocrx_word' id='word_1_282' title='bbox 727 3065 756 3117; x_wconf 92' lang='lat' dir='ltr'><strong>in</strong></span> <span class='ocrx_word' id='word_1_283' title='bbox 765 3065 974 3118; x_wconf 88' lang='lat' dir='ltr'><strong>secundissimis</strong></span> <span class='ocrx_word' id='word_1_284' title='bbox 983 3067 1031 3120; x_wconf 90' lang='lat' dir='ltr'><strong>reb</strong></span> 
     </span>
     <span class='ocr_line' id='line_1_40' title="bbox 221 3145 1031 3213; baseline 0.001 -13"><span class='ocrx_word' id='word_1_285' title='bbox 221 3145 343 3200; x_wconf 84' lang='lat' dir='ltr'><strong>maxime</strong></span> <span class='ocrx_word' id='word_1_286' title='bbox 358 3151 400 3198; x_wconf 89' lang='lat' dir='ltr'><strong>est</strong></span> <span class='ocrx_word' id='word_1_287' title='bbox 419 3145 553 3198; x_wconf 89' lang='lat' dir='ltr'><strong>utendum</strong></span> <span class='ocrx_word' id='word_1_288' title='bbox 570 3145 686 3198; x_wconf 82' lang='lat' dir='ltr'><strong>consilio</strong></span> <span class='ocrx_word' id='word_1_289' title='bbox 705 3145 856 3198; x_wconf 88' lang='lat' dir='ltr'><strong>amicorum</strong></span> <span class='ocrx_word' id='word_1_290' title='bbox 872 3145 961 3213; x_wconf 88' lang='lat' dir='ltr'><strong>iisque</strong></span> <span class='ocrx_word' id='word_1_291' title='bbox 977 3145 1031 3201; x_wconf 85' lang='lat' dir='ltr'><strong>mni</strong></span> 
     </span>
    </p>
   </div>
   <div class='ocr_carea' id='block_1_2' title="bbox 824 3293 1031 3380">
    <p class='ocr_par' dir='ltr' id='par_1_4' title="bbox 824 3293 1031 3380">
     <span class='ocr_line' id='line_1_41' title="bbox 824 3293 1031 3380; baseline 0 -42"><span class='ocrx_word' id='word_1_292' title='bbox 824 3300 851 3355; x_wconf 35' lang='grc' dir='ltr'><strong>’,ἵε</strong></span> <span class='ocrx_word' id='word_1_293' title='bbox 875 3293 987 3380; x_wconf 38' lang='grc' dir='ltr'><strong>ΨΜ</strong></span> <span class='ocrx_word' id='word_1_294' title='bbox 1004 3325 1031 3348; x_wconf 67' lang='grc'><strong>.,,</strong></span> 
     </span>
    </p>
   </div>
   <div class='ocr_carea' id='block_1_3' title="bbox 1006 3402 1031 3518">
    <p class='ocr_par' dir='ltr' id='par_1_5' title="bbox 1006 3402 1031 3518">
     <span class='ocr_line' id='line_1_42' title="bbox 1006 3402 1031 3518; baseline 0 0"><span class='ocrx_word' id='word_1_295' title='bbox 1006 3402 1031 3518; x_wconf 84' lang='lat' dir='ltr'><strong>l</strong></span> 
     </span>
    </p>
   </div>
   <div class='ocr_carea' id='block_1_4' title="bbox 0 0 1126 3542">
    <p class='ocr_par' dir='ltr' id='par_1_6' title="bbox 0 0 1126 3542">
     <span class='ocr_line' id='line_1_43' title="bbox 0 0 1126 3542; baseline 0 0"><span class='ocrx_word' id='word_1_296' title='bbox 0 0 1126 3542; x_wconf 95' lang='lat' dir='ltr'><strong> </strong></span> 
     </span>
    </p>
   </div>
  </div>
 </body>
</html>
