2242 3542
56 2 506 119 mfflb—“lbffl
538 2 1074 100 α-Μ-Νώψϋκωε.
1110 2 1111 25 ¹

318 160 386 209 nm.
404 159 547 221 11.‚041’.
564 156 720 221 x1.-xnr.‚
737 158 751 219 a
766 160 855 208 39-45.
963 161 1009 208 131

164 258 228 294 rum
241 242 277 293 de
288 241 395 294 iustitia
407 258 509 311 magna
524 246 596 294 esset
609 240 706 311 opinio
719 240 918 295 multitudinis,
953 241 1010 293 Ad·

163 322 264 374 iuncto
276 338 341 374 vero
353 327 385 373 ut
397 322 484 374 iidem
497 322 582 375 etiam
594 322 746 391 prudentes
758 323 927 375 haberentur
939 322 1010 375 nihil

163 406 226 455 erat
240 404 319 470 quod
334 402 461 455 homines
475 402 511 455 iis
529 402 691 455 auctoribus
706 419 763 455 non
777 419 858 472 posse
878 402 1011 471 consequi

164 499 196 536 se
214 483 423 537 arbitrarentur.
461 482 546 535 Omni
559 482 649 551 igitur
664 482 772 535 ratione
790 484 911 536 colenda
930 490 957 535 et
972 498 1011 534 re·

163 563 284 617 tinendn
304 564 413 616 iustitia
433 569 476 616 cst
496 580 560 617 cum
582 563 644 632 ipsa
664 579 716 632 per
736 579 909 616 sese—nam
931 564 1010 617 aliter

166 644 276 698 iustitia
294 660 352 696 non
371 648 540 697 esset-tum
559 649 677 714 propter
696 645 943 713 amplificationem
963 646 1011 696 ho·
1047 607 1071 681 d

166 726 244 778 noris
266 730 295 778 et
315 726 429 795 gloriae
466 726 524 779 Sed
544 731 578 778 ut
598 725 735 795 pecuniae
758 743 815 778 non
837 727 1011 795 quaerendae

163 807 258 859 solum
278 807 349 858 ratio
370 810 530 873 astrorum
550 806 635 859 etiam
653 807 844 874 collocandae,
861 823 932 874 quae
951 822 1014 875 pen

121 952 129 959 ν
165 892 267 956 petuos
282 891 409 956 sumptus
424 886 587 955 suppeditet
600 902 652 937 nec
668 888 759 938 solum
772 886 949 954 necessarios
962 885 1012 938 sed

164 968 253 1020 etiam
266 967 402 1034 liberales,
413 967 455 1019 sic
473 967 564 1035 gloria
582 972 611 1020 et
625 968 784 1035 quaerenda
802 973 831 1020 et
846 968 1013 1019 collocanda

166 1048 276 1101 ratione
288 1052 337 1101 est
368 1048 412 1101 43.
430 1048 609 1115 Quamquam
621 1049 764 1117 praeclare
777 1048 906 1101 Socrates
916 1049 930 1075 “
940 1047 1012 1099 hane

164 1128 243 1182 ¹viam
256 1128 293 1181 ad
306 1127 425 1196 gloriam
438 1128 596 1197 proximam
611 1134 641 1181 et
654 1128 735 1197 quasi
751 1128 1011 1198 compendiariam”

164 1208 283 1260 dicebat
295 1212 311 1236 “
320 1224 387 1276 esse,
399 1208 423 1260 si
434 1209 499 1275 quis
512 1209 544 1261 id
554 1213 660 1279 ageret,
673 1214 704 1261 ut
717 1210 808 1278 qualis
821 1209 919 1262 haberi
928 1210 1013 1263 vellet

167 1288 234 1341 talis
251 1290 347 1342 esset.”
382 1288 507 1355 Quodsi
522 1290 572 1357 qui
588 1290 767 1342 simulatione
785 1295 813 1342 et
827 1290 906 1342 inani
921 1294 1012 1342 osten-

166 1370 276 1422 tatione
294 1374 324 1421 et
341 1368 408 1421 ficto
426 1385 485 1420 non
503 1371 589 1420 modo
608 1386 744 1437 sermone,
759 1371 810 1423 sed
829 1370 913 1423 etiam
931 1316 1028 1421 vultui

162 1450 297 1503 stabilem
309 1466 339 1501 se
351 1449 470 1517 gloriam
484 1449 618 1517 consequi
630 1466 710 1518 posse
722 1456 824 1516 rentur,
835 1452 1014 1503 vehementer
1024 1461 1028 1497 t

165 1535 270 1582 errant
306 1530 380 1583 Vera
398 1528 489 1597 gloria
504 1529 613 1581 radices
632 1530 692 1599 agIt
711 1535 794 1599 atque
813 1531 899 1583 etiam
914 1547 1028 1601 propa·

166 1615 261 1679 gatar,
274 1609 339 1662 ficta
352 1609 447 1662 omnia
459 1609 586 1661 celeriter
598 1615 742 1679 tamquam
754 1611 863 1664 flosculi
876 1612 1013 1665 decidunt
1024 1574 1029 1644 i

1026 1653 1031 1717 l

1023 1421 1026 1432 r

168 1707 222 1744 nec
234 1690 395 1743 simulatum
406 1696 501 1758 potest
513 1690 670 1758 quidquam
682 1708 740 1763 esse
754 1692 925 1745 diuturnum.
963 1693 1014 1744 'Ie-

165 1777 226 1825 ates
238 1775 306 1823 sunt
319 1770 453 1839 pcmrulti
467 1770 498 1822 in
511 1775 659 1839 utramque
674 1777 789 1842 partem,
804 1775 852 1825 sed
868 1772 1014 1826 brevitatis

110 1850 113 1854 ’
167 1850 371 1903 eausafamilia
383 1850 509 1903 contenti
522 1852 624 1903 erimus
636 1868 700 1906 una.
731 1840 858 1905 Tijcnim
872 1854 1014 1905 Gracchus

170 1934 202 1985 P..
212 1933 244 1985 F,
255 1937 313 1984 tam
328 1932 378 1985 diu
392 1931 562 1998 laudabitur,
577 1932 645 1983 dum
660 1932 793 1984 memoria
808 1950 899 1985 rerum
914 1934 1014 1985 Roma-

169 2029 270 2065 narum
291 2012 434 2074 manebit-3
455 2017 486 2063 at
511 2011 571 2063 eius
592 2011 645 2064 filii
669 2029 721 2065 nee
742 2013 801 2065 vivi
822 2014 1014 2082 probabantur

169 2094 253 2145 bonis
278 2097 306 2145 et
329 2092 433 2144 mortui
456 2106 613 2144 numerum·
627 2092 756 2145 obtinent
780 2092 840 2145 iure
865 2108 1013 2146 caesorum.

167 2175 249 2227 XIII.
268 2174 325 2240 Qui
341 2173 432 2242 igitur
453 2172 576 2241 adipisci
594 2190 687 2227 ueram
706 2173 824 2243 gloriam
843 2174 919 2227 volet
937 2173 1015 2227 iusti-

166 2256 228 2307 tiae
242 2254 377 2323 fungatur
395 2252 502 2320 officiis
540 2255 583 2307 Ea
602 2270 673 2323 quae
691 2260 784 2307 essent
800 2253 911 2307 dictum
929 2259 971 2308 est
985 2254 1015 2307 in

168 2335 244 2387 libro
255 2334 406 2403 superiore.

207 2415 250 2467 44.
271 2414 335 2482 Sed,
347 2420 380 2467 ut
393 2412 528 2467 facillime
542 2416 640 2483 quales
659 2414 745 2468 simus
760 2418 830 2469 tales
847 2432 905 2469 esse
921 2416 1014 2469 videa-

168 2512 234 2548 mur
251 2495 305 2547 etsi
321 2495 352 2547 in
370 2511 403 2547 eo
421 2494 484 2563 ipso
503 2494 546 2549 vis
564 2496 685 2548 maxima
704 2501 753 2563 est,
766 2502 798 2548 ut
817 2496 902 2549 simus
921 2497 949 2564 ii,
965 2496 1013 2565 qui

171 2576 269 2629 haberi
278 2575 404 2638 velimus,
415 2580 508 2627 tamen
521 2577 661 2645 quaedam
670 2582 820 2646 praecepta
833 2578 927 2629 danda
939 2585 1012 2630 sunt.

168 2658 246 2709 Nam
261 2656 284 2707 si
297 2655 363 2723 quis
381 2656 417 2706 ab
431 2654 546 2707 ineunte
565 2660 655 2709 aetate
673 2657 759 2709 habet
777 2673 887 2709 causam
902 2657 1014 2710 celebri-

171 2737 240 2788 tatis
258 2741 286 2788 et
303 2735 425 2788 nominis
443 2746 492 2787 aut
509 2752 527 2787 a
545 2742 624 2804 patre
642 2743 794 2807 acceptam,
809 2739 885 2807 quod
901 2737 962 2804 tibi,
975 2738 1014 2805 mi
1056 2745 1079 2780 a

169 2816 279 2885 Cicero,
290 2816 411 2867 arbitror
429 2816 587 2884 contigisse,
602 2821 650 2869 aut
668 2818 763 2885 aliquo
782 2834 847 2870 casu
863 2824 947 2885 atque
961 2816 1015 2868 for=

168 2901 250 2962 tuna,
259 2896 290 2946 in
302 2896 377 2947 hunc
389 2896 465 2948 oculi
477 2896 602 2947 omnium
613 2896 802 2949 coniiciuntur
814 2903 898 2968 atque
911 2898 941 2949 in
950 2912 1014 2948 eum

171 2976 245 3045 quid
263 2982 337 3044 agat,
348 2992 434 3043 quem
452 2977 489 3028 ad
505 2978 620 3028 modum
635 2978 712 3030 vivat
727 2978 880 3046 lnquiritur
898 2982 932 3042 et,
947 2980 1014 3028 tanr-

170 3072 259 3125 quam
270 3056 300 3107 in
313 3056 465 3108 clarissima
477 3057 539 3108 lucc
551 3062 683 3123 versetur,
692 3057 734 3109 ita
746 3058 854 3109 nullum
867 3057 1015 3108 obscurum
1028 3091 1034 3159 ,

167 3141 268 3207 potest
278 3152 330 3190 nee
346 3136 455 3189 (fictum
467 3136 527 3189 eius
541 3152 599 3189 esse
616 3152 667 3189 nec
679 3136 791 3190 factum.
827 3136 871 3189 45.
892 3136 1014 3203 Quorum
1042 3147 1051 3197 a
