2242 3542
143 141 193 189 126
285 187 287 190 ,
446 134 505 187 ’ΒΕ
523 136 677 187 OFFICIIS

142 238 197 291 que
206 219 315 277 vexatis
324 233 357 273 ac
366 220 486 290 perditis
495 218 769 273 exterisnationibus
778 220 817 272 ad
827 219 989 289 exemplum

143 302 238 355 amissi
249 301 361 371 imperii
373 301 479 370 portari
490 300 521 354 in
532 300 679 370 triumpho
693 299 849 353 Massiliam
862 299 989 353 vidimus

143 389 171 435 et
183 400 218 435 ex
231 398 263 435 ea
274 382 343 435 urbe
355 381 531 451 triumphari,
540 381 599 433 siue
612 396 668 449 qua
677 396 829 448 numquam
839 380 929 433 nostri
937 381 989 433 im-

142 468 285 532 peratores
297 478 333 514 ex
344 462 537 531 Transalpinis
548 461 629 513 bellis
641 460 859 529 triumpharunt.
896 462 990 514 Multa

142 548 286 612 praeterea
301 558 544 595 commemorarem
559 541 665 594 nefaria
676 541 707 593 in
720 540 818 608 socios,
829 542 917 595 sihoc
929 558 990 595 uno

142 624 299 692 quidquam
316 625 360 676 sol
374 624 492 677 vidisset
506 622 662 693 indignius.
699 623 764 675 Iure
781 622 872 691 igitur
888 623 989 692 plecti-

142 721 212 758 mur
248 704 313 758 Nisi
331 704 405 757 enim
424 705 576 756 multorum
595 702 735 773 impunita
757 704 860 755 scelera
879 704 988 757 tulisse-

142 801 212 853 mus,
227 800 381 853 numquam
400 785 438 837 ad
458 800 545 836 unum
564 787 644 835 tanta
664 783 837 853 pervenisset
848 783 989 845 licentia:

142 881 158 916 a
178 882 236 933 quo
255 865 370 932 quidem
389 864 429 917 rei
446 863 594 917 familiaris
611 864 648 917 ad
666 880 781 933 paucos,
796 864 989 933 cupiditatum

142 946 180 997 ad
201 947 306 999 multos
328 945 474 1015 improbos
490 945 569 998 venit
590 945 738 999 hereditas.
776 948 819 999 29.
839 946 899 997 Nec
920 962 989 997 vero

142 1042 274 1094 uniquam
298 1026 436 1078 bellorum
461 1026 587 1079 civilium
612 1042 705 1078 semen
726 1029 755 1079 et
779 1040 863 1078 causa
888 1025 989 1091 deerit,

142 1107 211 1158 dum
230 1106 357 1158 homines
373 1106 480 1175 perditi
496 1108 606 1159 hastam
624 1106 703 1159 illam
721 1109 863 1159 cruentam
884 1110 912 1157 et
930 1122 987 1157 me-

141 1185 274 1238 minerint
294 1191 323 1239 et
343 1186 505 1256 sperabunt,
519 1202 604 1254 quam
622 1188 654 1240 P.
670 1188 746 1239 Sulla
767 1202 830 1238 cum
848 1185 987 1239 vibrasset

142 1266 281 1319 dictatore
301 1266 463 1336 propinquo
481 1282 540 1333 suo,
554 1266 633 1319 idem
653 1272 732 1319 sexto
751 1265 893 1318 tricesimo
912 1282 988 1319 anno

141 1351 206 1415 post
220 1364 237 1399 a
252 1348 428 1400 sceleratiore
440 1348 521 1399 hasta
533 1363 592 1398 non
604 1347 725 1413 recessit,
738 1348 808 1399 alter
820 1352 921 1414 autem,
936 1345 987 1415 qui

141 1427 171 1479 in
183 1428 233 1480 illa
247 1428 389 1481 dictatura
403 1428 494 1480 scriba
505 1426 604 1494 iuerat,
617 1426 648 1478 in
660 1428 714 1479 hac
725 1426 780 1479 fuit
796 1433 927 1495 quaestor
941 1443 986 1479 ur-

142 1508 239 1561 banus,
275 1512 318 1559 Ex
339 1524 395 1576 quo
414 1508 499 1560 debet
512 1506 640 1575 intellegi
656 1507 763 1559 talibus
775 1508 906 1576 praemiis
923 1523 986 1577 pro-

140 1588 241 1656 positis
261 1604 414 1655 numquam
433 1587 564 1640 defutura
582 1588 656 1640 bella
678 1588 780 1641 civilia,
817 1588 917 1655 Itaque
937 1604 986 1657 pa·

141 1668 223 1720 rietes
237 1669 323 1720 modo
337 1668 416 1721 urbis
433 1673 508 1720 stant
526 1673 554 1721 et
569 1672 693 1734 manent,
704 1668 782 1735 iique
797 1668 852 1737 ipsi
867 1669 923 1721 iam
938 1685 987 1721 ex-

141 1756 228 1800 trema
248 1750 351 1801 scelera
370 1753 532 1814 metuentes,
550 1763 608 1800 rem
627 1764 692 1801 vero
713 1748 855 1817 publicam
873 1749 987 1818 penitus

141 1828 292 1883 amisimus,
327 1830 422 1898 Atque
440 1829 471 1881 in
488 1829 540 1881 has
557 1829 652 1881 clades
668 1828 985 1882 incidimus-redeun-

141 1909 210 1962 dum
228 1914 269 1963 est
287 1910 362 1963 enim
377 1910 415 1963 ad
429 1909 711 1979 propositum-dum
726 1910 813 1962 metui
829 1926 913 1978 quarn
928 1908 985 1961 cari

141 2007 200 2043 esse
218 1996 247 2045 et
262 1992 346 2061 diligi
360 1993 506 2044 malumus.
544 1991 621 2057 Quae
639 1990 662 2042 si
677 1992 783 2059 populo
798 1992 925 2043 Romano
943 1992 986 2042 in-

141 2071 214 2125 iuste
222 2072 372 2142 imperanti
385 2072 511 2125 accidere
521 2076 682 2140 potnerunt,
691 2071 760 2138 quid
770 2072 875 2123 debent
885 2076 986 2141 putare

141 2152 263 2221 singulil
293 2153 377 2219 Quod
389 2168 453 2205 cum
465 2150 644 2223 perspicuum
658 2152 694 2203 sit
704 2152 915 2204 benevolentiae
925 2152 984 2203 vim

141 2248 199 2285 esse
216 2250 355 2303 magnam,
373 2239 463 2286 metus
483 2233 662 2298 imbecillam,
679 2231 804 2301 sequitur
820 2238 853 2283 ut
868 2232 985 2285 dissera-

140 2329 203 2365 mus
221 2314 324 2381 quibus
342 2315 424 2366 rebus
442 2312 574 2365 facillime
592 2312 732 2381 possimus
752 2329 812 2364 eam
832 2328 917 2379 quam
935 2328 985 2365 vo·

140 2394 232 2445 lumus
244 2393 364 2462 adipisci
376 2408 440 2445 cum
452 2393 557 2445 honore
572 2398 599 2445 et
611 2392 667 2445 fide
680 2392 831 2445 caritatem.
865 2395 906 2445 30.
928 2393 983 2445 Sed

140 2489 172 2525 ea
190 2490 246 2525 non
260 2473 364 2541 pariter
382 2488 479 2524 omnes
496 2488 618 2541 egemus,
655 2472 729 2525 Nam
743 2473 779 2525 ad
795 2472 928 2539 cuiusque
943 2474 985 2525 vi-

140 2557 197 2604 tam
212 2552 371 2605 institut-am
386 2553 657 2604 accommodandum
675 2557 717 2604 est
734 2570 750 2604 a
765 2552 894 2605 multisne
912 2569 985 2622 opus

140 2632 177 2683 sit
192 2649 226 2684 an
243 2632 310 2685 satis
325 2632 361 2684 sit
377 2650 393 2684 a
407 2631 504 2701 paucis
519 2632 612 2701 diligi.
651 2633 764 2685 Certum
776 2632 864 2701 igitur
875 2634 930 2685 hoc
945 2634 984 2685 sit

140 2712 226 2779 idque
248 2716 276 2765 et
295 2712 416 2781 primum
438 2717 466 2763 et
487 2712 609 2763 maxime
631 2712 822 2780 necessarium,
840 2712 984 2766 familiari-

139 2798 211 2845 tates
226 2793 328 2845 habere
346 2793 417 2846 fialas
436 2792 589 2845 aniantium
605 2809 655 2845 nos
674 2793 826 2845 amicorum
844 2799 872 2845 et
888 2800 984 2847 nostra

139 2874 317 2926 mirantium:
340 2875 408 2926 haec
432 2873 506 2925 enim
528 2879 569 2926 est
590 2890 647 2925 una
671 2890 714 2925 res
734 2889 854 2942 prorsus,
872 2879 904 2925 ut
924 2891 982 2927 non

139 2955 257 3006 multum
273 2953 383 3005 differat
396 2953 471 3004 inter
488 2968 611 3005 summos
629 2958 657 3004 et
672 2953 826 3005 mediocres
840 2953 922 3019 viros,
938 2970 984 3007 es-

139 3048 193 3101 que
210 3032 335 3099 utrisque
353 3036 395 3084 est
409 3032 613 3101 propemodum
632 3034 827 3099 comparanda.
866 3035 906 3085 31.
924 3035 984 3085 Ho-

138 3128 206 3164 nore
229 3117 258 3165 et
278 3111 368 3181 gloria
392 3116 421 3163 et
440 3110 636 3163 benevolentia
660 3109 764 3163 civium
785 3112 901 3165 fortasse
923 3130 981 3165 non
