2242 3542
706 20 954 123 respuat.

284 168 353 217 LIB.
370 169 417 228 IL,
437 168 515 219 CAP.
532 170 594 219 VII.
612 170 700 232 VIII.‚
720 169 838 231 §rs-28.
936 175 982 221 125

135 251 324 321 stipatoribus
345 252 403 304 suis
424 252 475 320 qui
495 258 686 307 scrutarentur
705 256 815 314 ,arculas
834 254 982 309 muliebres
1091 312 1110 323 ,ἵ

136 337 168 386 et
180 349 216 385 ne
231 333 309 401 quod
321 333 352 385 in
364 334 538 387 vestimentis
552 336 641 388 telum
656 337 843 389 occultaretur
858 336 983 404 exquire·
1108 326 1110 375 ⁴

137 419 209 467 rent.
246 414 422 482 Omiseram,
436 415 486 482 qui
497 415 653 468 fideliorem
668 421 696 469 et
708 417 856 470 barbarum
871 422 900 470 et
915 418 996 487 stig·r
1014 455 1024 501 φ
1109 416 1110 455 l

137 494 256 547 matiam
274 499 386 563 putaret
405 511 490 562 quam
509 497 674 565 coniugem!
711 497 773 550 Nec
791 514 855 551 eum
874 481 999 552 fefellit.l

139 575 186 627 Ab
207 590 239 627 ea
260 579 302 627 est
320 574 394 627 enim
414 575 474 645 ipsa
493 582 609 645 propter
625 577 774 646 pellicatus
795 578 981 647 suspicionem

138 653 310 707 interfectus.
349 656 410 708 Nec
422 672 487 707 vem
502 658 560 709 ulla
573 656 616 709 vis
630 658 742 727 imperii
754 663 834 710 tanta
849 663 897 726 est,
911 675 982 727 quae

139 739 281 803 premente
300 740 378 787 metu
397 736 486 805 possit
504 752 564 789 esse
587 736 729 792 diuturna.
767 742 809 792 26.
829 738 921 791 Testis
940 744 981 790 est

139 814 273 881 Phalaris,
288 815 370 868 cuius
388 820 430 868 est
446 821 557 884 praeter
575 822 680 870 ceteros
698 817 847 870 nobilitata
863 818 981 870 crudeli-

138 899 190 960 tas,
201 895 250 962 qui
261 912 319 947 non
331 912 366 947 ex
378 895 490 948 insidiis
503 896 619 964 interiit,
630 903 661 949 ut
674 899 706 963 is,
717 914 800 967 quem
812 899 898 950 modo
912 898 981 963 dixi,

138 976 307 1042 Alexander,
323 992 380 1028 non
398 993 415 1028 a
433 977 538 1045 paucis,
552 983 585 1029 ut
601 978 648 1030 hie
667 984 768 1046 noster,
782 979 831 1031 sed
850 979 880 1030 in
900 994 981 1047 quern

138 1057 266 1109 univorsa
290 1056 541 1125 Agrigentinorum
564 1059 718 1111 multitudo
745 1058 882 1128 impetum
906 1058 980 1111 fecit.

136 1137 235 1203 Quid?
271 1138 439 1189 Macedones
450 1154 542 1191 nonne
554 1139 725 1191 Demetrium
737 1139 910 1209 reliquerunt
922 1140 981 1191 uni-

138 1217 265 1286 versique
281 1234 309 1270 se
327 1219 364 1270 ad
379 1219 517 1286 Pyrrhum
531 1222 729 1275 contulerunt?
767 1221 861 1287 Quidi
898 1223 981 1274 Lace-

138 1300 303 1351 daemonios
325 1299 428 1351 iniuste
449 1300 617 1369 imperantes
638 1318 730 1354 nonne
749 1307 863 1370 repente
886 1318 981 1353 omnes

137 1380 194 1432 fere
209 1375 282 1432 socii
293 1381 477 1432 deseruerunt
492 1386 717 1450 spectatoresque
737 1398 765 1434 se
785 1382 890 1435 otiosos
905 1398 980 1450 prae-

138 1462 260 1513 buerunt
271 1461 432 1513 Leuctricae
443 1462 612 1514 calamitatis
623 1465 633 1516 l
664 1463 741 1518 VIII.
759 1464 882 1515 Externa
895 1462 980 1514 liben-

136 1541 195 1595 tius
212 1540 242 1592 in
257 1540 308 1593 tali
322 1557 352 1593 re
370 1557 455 1607 quam
474 1542 629 1595 domestica
646 1544 784 1596 recordor.
821 1544 925 1598 Verum
939 1548 980 1595 ta·

137 1638 202 1675 men
227 1638 312 1690 quam
336 1622 386 1675 diu
407 1622 556 1691 imperium
577 1623 677 1693 populi
698 1623 817 1677 Romani
839 1622 980 1677 beneficiis

135 1703 292 1770 tenebatur,
309 1718 366 1754 non
388 1702 505 1770 iniuriis,
523 1704 598 1756 bella
622 1708 670 1757 aut
691 1720 743 1773 pro
768 1704 851 1757 sociis
875 1704 979 1757 aut'de

136 1784 254 1852 imperio
273 1784 448 1852 gerebantur,
464 1784 556 1837 exitus
576 1792 654 1837 erant
672 1786 810 1838 bellorum
832 1790 880 1840 aut
898 1786 980 1839 mites

137 1871 187 1917 aut
214 1865 369 1931 necessarii,
390 1880 495 1933 regum,
516 1868 693 1934 populorum,
713 1867 858 1930 nationum
882 1871 980 1935 portus

136 1950 196 1997 crat
208 1950 236 1997 et
248 1944 388 2014 refugium
400 1951 519 2013 senatuS,
533 1950 575 1999 27.
592 1947 681 1998 nostri
694 1952 786 1998 autem
799 1946 980 2015 magistratus

135 2025 373 2094 imperatoresque
391 2040 427 2076 ex
445 2026 498 2077 hac
516 2042 572 2077 una
590 2043 618 2078 re
636 2026 787 2078 maximam
806 2027 918 2078 laudem
936 2042 979 2079 ca-

136 2121 203 2173 pere
224 2107 386 2172 studebant,
403 2105 428 2157 si
449 2106 614 2174 provincias,
632 2106 655 2158 si
677 2107 767 2159 socios
789 2107 929 2173 aequitate
951 2115 980 2160 et

135 2187 192 2239 tide
207 2186 405 2240 defendissent.
436 2188 535 2254 Itaque
550 2187 623 2240 illud
638 2187 824 2256 patrocinium
839 2187 915 2239 orbis
927 2193 979 2240 ter·

136 2283 183 2319 rac
195 2267 288 2319 uerius
303 2282 388 2334 quam
401 2266 550 2335 imperium
564 2271 673 2336 poterat
688 2267 832 2320 nominari.
871 2267 979 2320 Sensim

136 2348 211 2399 lianc
223 2347 456 2400 consuetudinem
467 2352 496 2399 et
511 2348 692 2417 disciplinam
704 2348 761 2399 iarn
777 2356 859 2400 antea
874 2348 978 2401 minue-

137 2428 243 2494 bamns,
257 2433 321 2495 post
335 2444 402 2479 vero
420 2428 513 2480 Sullae
528 2427 675 2480 victoriam
690 2427 803 2496 penitus
821 2429 977 2483 amisimus:

137 2508 260 2560 desitum
275 2512 317 2560 est
331 2512 407 2560 enim
419 2507 510 2560 videri
523 2508 678 2575 quidquam
691 2508 721 2559 in
737 2509 827 2561 socios
842 2509 978 2577 iniquum,

136 2604 200 2641 cum
212 2587 365 2641 exstitisset
376 2588 407 2639 in
422 2587 497 2640 cives
509 2593 589 2640 tanta
604 2589 761 2641 crudelitas.
798 2584 874 2658 Ergo
886 2590 916 2641 in
929 2590 978 2641 illo

135 2675 231 2722 secuta
244 2674 285 2722 est
294 2670 441 2721 honestam
453 2684 565 2721 causam
576 2686 632 2721 non
645 2670 762 2722 honesta
772 2669 896 2723 victoria.
920 2671 979 2723 ·Est

136 2751 210 2802 enim
222 2766 304 2802 ausus
318 2749 411 2802 dicere
424 2750 506 2802 hasta
518 2750 618 2818 posita,
633 2744 697 2802 cum
709 2750 785 2803 bona
797 2751 826 2802 in
840 2750 901 2802 foro
914 2767 978 2804 ven-

135 2831 216 2883 deret
229 2834 256 2882 et
268 2830 405 2882 bonorum
417 2830 542 2882 virorum
555 2836 583 2883 et
595 2832 767 2900 locupletum
783 2836 810 2883 et
823 2836 895 2883 certe
912 2830 978 2883 civi-

135 2926 192 2977 um,
206 2910 363 2979 “praedam
378 2927 407 2963 se
421 2927 499 2963 suam
512 2912 658 2963 vendere.'’
693 2910 812 2964 'Secutus
827 2916 868 2963 est
884 2911 932 2977 qui
947 2911 978 2962 in

134 3005 220 3043 causa
237 2989 333 3059 impia,
346 2989 464 3043 victoria
483 2989 568 3042 etiam
586 2990 709 3043 foediore
728 3007 784 3042 non
803 2990 977 3057 singulorum

134 3070 240 3124 civium
249 3072 322 3122 bona
332 3070 496 3139 publicaret,
507 3071 555 3122 scd
567 3070 708 3121 universas
717 3069 876 3138 provincias
888 3069 976 3137 regio·

134 3166 238 3219 nosque
250 3166 307 3203 uno
320 3150 489 3205 calamitatis
501 3149 560 3204 iure
574 3149 829 3217 comprehenderet
865 3151 907 3201 28.
923 3151 976 3201 lta-

265 3228 271 3271 1
281 3231 288 3274 1
