2242 3542
305 172 375 220 ern.
394 170 551 231 111.‚ca1’.
570 170 617 218 nr.
638 169 683 230 x.,
701 168 714 228 ς
729 170 819 218 aa-ro.
939 171 986 217 ms

139 260 323 327 supplantare
343 271 415 323 eum,
431 254 547 323 quicum
565 258 659 321 certet,
674 257 723 306 aut
741 270 825 306 manu
847 252 987 321 depellere

142 340 222 389 nullo
243 337 329 388 modo
348 336 449 389 debet:
468 334 510 387 sie
529 334 559 386 in
579 334 638 387 vita
657 334 713 386 sibi
732 349 871 402 quemque
893 338 987 401 potero

141 420 222 486 quod
237 417 375 487 pertineat
390 417 428 469 ad
442 431 523 468 usum
539 432 596 467 non
614 415 743 483 iniquum
758 419 807 482 est,
822 414 900 466 alteri
917 413 988 465 deri-

143 516 208 569 pere
227 499 271 550 ius
290 514 348 549 non
368 499 436 549 cst.''
472 498 516 549 43.
536 498 658 548 Maxime
677 502 771 548 autem
790 496 988 565 perturbantur

140 580 236 633 officia
249 580 281 632 in
294 578 436 645 amicitiis,
449 579 553 646 quibus
569 584 597 631 et
612 594 669 630 non
684 577 805 631 tribuere
822 578 899 644 quod
914 581 988 628 reete

141 662 234 732 possis
245 667 274 715 et
282 661 403 714 tribuere
413 661 490 728 quod
500 676 557 711 non
572 659 609 711 sit
620 674 741 727 aequum
754 663 852 711 eontra
865 657 988 710 officium

142 749 193 797 est.
230 744 286 797 Sed
306 742 389 795 liuius
411 741 520 810 generis
539 741 627 793 totius
648 741 731 793 breve
751 745 779 793 et
798 756 855 791 non
874 738 987 791 difficile

143 830 325 894 praeceptum
343 829 393 876 est.
431 823 508 889 Quae
523 824 598 874 enim
612 822 745 873 videntur
759 820 849 887 utilia,
860 821 987 885 honores,

144 904 270 972 divitiae,
281 905 449 973 voluptates
460 908 551 955 cetera
566 902 676 971 generis
690 901 824 968 eiusdem,
836 902 904 953 baec
922 900 987 951 unri-

141 986 227 1038 eitiae
239 1001 393 1054 numquam
408 983 605 1053 anteponenda
621 987 693 1035 sunt.
731 982 771 1034 At
786 997 877 1050 neque
892 986 989 1033 eontra

143 1066 365 1135 rempublicam
387 1080 477 1132 neque
499 1069 597 1116 contra
617 1062 829 1115 iusiurandum
851 1078 883 1114 ae
903 1061 988 1113 fidem

142 1147 228 1199 amici
243 1163 327 1199 causa
342 1146 490 1197 virbonus
505 1144 600 1213 faciet,
611 1161 645 1196 ue
664 1144 688 1196 si
705 1144 791 1196 iudex
807 1131 922 1211 quidem
936 1141 989 1194 erit

142 1229 180 1280 de
195 1229 258 1297 ipso
273 1228 371 1280 amico.
409 1226 495 1278 Ponit
511 1226 586 1278 enim
601 1242 748 1295 personam
763 1225 854 1291 amici,
869 1240 933 1277 cum
947 1223 988 1275 in·

142 1309 209 1361 duit
222 1309 330 1361 iudicis
368 1308 491 1359 Tantum
505 1306 587 1358 dabit
599 1306 747 1372 amicitiae,
758 1312 789 1358 ut
798 1322 892 1357 veram
905 1304 988 1357 amici

142 1406 256 1441 causam
271 1405 330 1440 esse
345 1388 434 1454 malit,
448 1391 481 1438 nt
496 1386 617 1438 orandae
633 1386 691 1437 litis
706 1391 817 1454 tempus
832 1386 927 1453 quoad
940 1400 988 1453 per

144 1471 221 1537 leges
239 1468 323 1520 liceat
340 1467 543 1520 accommodet,
580 1466 622 1519 44.
644 1468 715 1518 Cum
733 1482 799 1519 vero
819 1465 910 1517 iurato
930 1482 988 1518 sen-

142 1550 234 1602 tentia
243 1549 365 1601 dicenda
376 1548 420 1614 sit,
429 1547 588 1600 meminerit
598 1548 682 1599 deum
694 1564 723 1599 se
735 1547 871 1600 adhibere
881 1551 988 1611 testem,

144 1632 173 1683 id
189 1636 238 1699 est,
248 1635 280 1682 ut
295 1646 349 1699 ego
361 1628 489 1694 arbitror,
499 1632 621 1680 mentem
635 1644 721 1697 suam,
731 1644 787 1696 qua
799 1628 871 1680 nihil
881 1627 988 1679 bomini

142 1712 227 1765 dedit
242 1712 311 1764 deus
325 1710 386 1780 ipse
401 1709 533 1763 divinius.
571 1710 670 1778 ltaque
686 1710 857 1779 praeclarum
874 1726 889 1761 a
905 1709 988 1761 mirio-

144 1793 223 1846 ribus
237 1791 396 1861 recepimus
415 1807 520 1843 morem
538 1790 660 1859 rogandi
674 1790 784 1857 iudicis,
798 1790 821 1841 si
837 1806 899 1842 eum
915 1796 988 1842 tene·

144 1890 244 1941 remus,
259 1888 339 1936 quan
359 1886 454 1924 seuva
471 1886 543 1923 mos
560 1886 679 1923 uuonan
699 1886 812 1923 rossum
850 1872 928 1922 Haeo
947 1887 988 1922 ro·

142 1954 223 2023 gatio
244 1955 281 2005 ad
301 1969 333 2004 ca
351 1952 481 2020 pertinet,
497 1967 569 2018 quae
587 1952 683 2019 paullo
706 1957 771 2002 ante
793 1949 854 2001 dixi
873 1952 988 2002 honeste

143 2035 236 2087 amico
255 2051 271 2085 a
290 2032 385 2084 iudice
404 2047 486 2100 posse
504 2031 629 2083 concedi.
668 2032 749 2097 Nam,
765 2030 789 2082 si
811 2030 905 2082 omnia
922 2030 989 2083 faci-

143 2114 218 2166 enda
236 2113 302 2178 sint,
315 2128 387 2179 quae
405 2110 489 2162 amici
504 2111 600 2177 velint,
615 2128 671 2162 non
690 2110 829 2163 amicitiae
847 2112 924 2179 tales,
940 2111 988 2163 sed

142 2193 351 2247 coniurationes
373 2192 515 2260 putandae
536 2191 601 2245 sint.
638 2192 681 2244 45.
701 2193 813 2259 Loquor
837 2197 931 2244 antem
954 2192 990 2244 de

142 2273 340 2327 communibus
358 2271 505 2324 amicitiis:
525 2288 591 2324 nam
610 2272 640 2323 iu
658 2272 832 2340 sapientibus
848 2272 915 2324 vim’s
930 2288 989 2341 per-

144 2355 282 2421 fect-isque
302 2352 374 2405 nihil
393 2357 564 2422 potestesse
585 2355 648 2407 tale.
686 2354 842 2406 Damonem
861 2358 889 2407 ct
904 2353 989 2407 Plrin-

143 2436 215 2488 tiam
226 2434 419 2503 Pytbagoreos
430 2432 524 2485 ferunt
535 2435 590 2485 hoe
606 2433 700 2486 animo
715 2434 789 2486 inter·
804 2451 832 2486 se
844 2434 938 2501 fuisse,
948 2439 994 2501 ut,⁴

143 2533 209 2570 curn
222 2531 317 2569 eorum
330 2514 411 2566 alteri
420 2513 574 2581 Dionysius
584 2518 718 2583 tyrannus
728 2514 803 2567 diem
817 2516 893 2567 necis
906 2515 990 2567 desti-

144 2598 269 2651 navisset
290 2601 319 2648 et
337 2595 369 2660 is,
387 2594 437 2663 qui
456 2595 540 2647 morti
561 2595 694 2647 addictus
717 2600 794 2663 esset,
810 2612 915 2664 paucos
935 2594 990 2649 sibi

145 2677 207 2730 dies
229 2678 517 2729 commendandorum
538 2692 651 2729 suorum
677 2692 760 2729 causa
782 2676 989 2745 postulavisset,

145 2773 196 2810 vas
204 2756 295 2809 factus
308 2756 345 2810 sit
357 2759 427 2810 alter
439 2758 499 2809 eius
511 2757 636 2823 sistendi,
648 2762 687 2823 ut,
699 2757 722 2808 si
734 2757 782 2809 ille
795 2774 851 2809 non
864 2757 989 2811 revertis-

146 2842 197 2904 set,
207 2837 383 2891 moriendnm
398 2842 469 2890 esset
481 2837 544 2907 ipsi,
582 2838 717 2903 Quicum
733 2840 770 2891 ad
783 2838 858 2891 diem
873 2855 902 2891 se
917 2854 989 2890 rece-

146 2917 243 2988 pisset,
257 2918 411 2971 admiratus
428 2934 524 2969 eorum
539 2918 624 2969 fidem
643 2923 777 2986 tyrannus
793 2919 901 2987 petivit,
913 2924 945 2970 ut
960 2934 989 2970 se

147 2999 184 3052 ad
198 2998 350 3051 amicitiam
362 2997 476 3050 tertium
491 2998 668 3051 ascriberent.
705 3000 748 3051 46.
766 3000 835 3051 Cum
848 2998 936 3067 igitur
949 2998 988 3065 id,

147 3079 225 3147 qnod
236 3079 305 3132 utile
314 3078 428 3132 videtur
439 3078 469 3130 in
482 3078 616 3145 amicitia,
624 3096 689 3132 cum
701 3096 743 3146 eo,
752 3081 830 3147 quod
841 3081 989 3133 honestum

149 3168 199 3224 est,
211 3163 397 3228 comparatur,
409 3158 499 3210 iaceat
518 3159 650 3211 utilitatis
668 3159 781 3229 speeies,
795 3157 886 3212 valeat
904 3161 989 3211 bone·
