<?xml version="1.0" encoding="UTF-8"?>
<!DOCTYPE html PUBLIC "-//W3C//DTD XHTML 1.0 Transitional//EN"
    "http://www.w3.org/TR/xhtml1/DTD/xhtml1-transitional.dtd">
<html xmlns="http://www.w3.org/1999/xhtml" xml:lang="en" lang="en">
 <head>
  <title>
</title>
<meta http-equiv="Content-Type" content="text/html;charset=utf-8" />
  <meta name='ocr-system' content='tesseract 3.04.00' />
  <meta name='ocr-capabilities' content='ocr_page ocr_carea ocr_par ocr_line ocrx_word'/>
</head>
<body>
  <div class='ocr_page' id='page_1' title='image "./catomajorsivede01longgoog_0017.png"; bbox 0 0 2242 3542; ppageno 0'>
   <div class='ocr_carea' id='block_1_1' title="bbox 145 143 763 193">
    <p class='ocr_par' dir='ltr' id='par_1_1' title="bbox 145 143 763 193">
     <span class='ocr_line' id='line_1_1' title="bbox 145 143 763 193; baseline -0.002 -2"><span class='ocrx_word' id='word_1_1' title='bbox 145 149 159 191; x_wconf 84' lang='grc'><strong>8</strong></span> <span class='ocrx_word' id='word_1_2' title='bbox 303 178 304 181; x_wconf 23' lang='lat'>¹</span> <span class='ocrx_word' id='word_1_3' title='bbox 376 144 412 193; x_wconf 92' lang='lat' dir='ltr'>M.</span> <span class='ocrx_word' id='word_1_4' title='bbox 431 144 557 193; x_wconf 87' lang='lat' dir='ltr'>TULLII</span> <span class='ocrx_word' id='word_1_5' title='bbox 575 143 763 193; x_wconf 79' lang='lat' dir='ltr'>CICERONIS</span> 
     </span>
    </p>
   </div>
   <div class='ocr_carea' id='block_1_2' title="bbox 78 226 1107 2193">
    <p class='ocr_par' dir='ltr' id='par_1_2' title="bbox 145 226 1076 520">
     <span class='ocr_line' id='line_1_2' title="bbox 145 226 992 295; baseline 0 -14"><span class='ocrx_word' id='word_1_6' title='bbox 145 226 228 281; x_wconf 88' lang='lat' dir='ltr'>etiam</span> <span class='ocrx_word' id='word_1_7' title='bbox 244 226 350 295; x_wconf 86' lang='lat' dir='ltr'>pn&#39;vata</span> <span class='ocrx_word' id='word_1_8' title='bbox 364 230 394 280; x_wconf 90' lang='lat' dir='ltr'>et</span> <span class='ocrx_word' id='word_1_9' title='bbox 409 227 508 295; x_wconf 88' lang='lat' dir='ltr'>quieta.</span> <span class='ocrx_word' id='word_1_10' title='bbox 545 226 691 295; x_wconf 85' lang='lat' dir='ltr'>Sophocles</span> <span class='ocrx_word' id='word_1_11' title='bbox 707 226 742 279; x_wconf 90' lang='lat' dir='ltr'>ad</span> <span class='ocrx_word' id='word_1_12' title='bbox 758 241 891 278; x_wconf 85' lang='lat' dir='ltr'>surnmam</span> <span class='ocrx_word' id='word_1_13' title='bbox 903 242 992 281; x_wconf 88' lang='lat' dir='ltr'>senec·</span> 
     </span>
     <span class='ocr_line' id='line_1_3' title="bbox 146 302 990 371; baseline 0.001 -16"><span class='ocrx_word' id='word_1_14' title='bbox 146 306 234 357; x_wconf 86' lang='lat' dir='ltr'>tutem</span> <span class='ocrx_word' id='word_1_15' title='bbox 253 302 409 369; x_wconf 76' lang='lat' dir='ltr'><strong>tragoedias</strong></span> <span class='ocrx_word' id='word_1_16' title='bbox 436 302 509 355; x_wconf 90' lang='lat' dir='ltr'>fecit:</span> <span class='ocrx_word' id='word_1_17' title='bbox 535 304 609 369; x_wconf 90' lang='lat' dir='ltr'>quod</span> <span class='ocrx_word' id='word_1_18' title='bbox 635 307 749 371; x_wconf 88' lang='lat' dir='ltr'>propter</span> <span class='ocrx_word' id='word_1_19' title='bbox 768 302 888 355; x_wconf 88' lang='lat' dir='ltr'>studium</span> <span class='ocrx_word' id='word_1_20' title='bbox 908 317 990 370; x_wconf 89' lang='lat' dir='ltr'>quum</span> 
     </span>
     <span class='ocr_line' id='line_1_4' title="bbox 145 377 1076 445; baseline 0 -14"><span class='ocrx_word' id='word_1_21' title='bbox 145 394 203 431; x_wconf 90' lang='lat' dir='ltr'>rem</span> <span class='ocrx_word' id='word_1_22' title='bbox 224 377 362 445; x_wconf 77' lang='lat' dir='ltr'>negligere</span> <span class='ocrx_word' id='word_1_23' title='bbox 381 377 540 430; x_wconf 77' lang='lat' dir='ltr'>familiarem</span> <span class='ocrx_word' id='word_1_24' title='bbox 555 380 702 444; x_wconf 81' lang='lat' dir='ltr'>videretur,</span> <span class='ocrx_word' id='word_1_25' title='bbox 714 377 805 431; x_wconf 79' lang='lat' dir='ltr'>sfiliis</span> <span class='ocrx_word' id='word_1_26' title='bbox 819 379 846 429; x_wconf 92' lang='lat' dir='ltr'>in</span> <span class='ocrx_word' id='word_1_27' title='bbox 856 378 991 444; x_wconf 89' lang='lat' dir='ltr'>judicium</span> <span class='ocrx_word' id='word_1_28' title='bbox 1073 377 1076 385; x_wconf 86' lang='lat'>&#39;</span> 
     </span>
     <span class='ocr_line' id='line_1_5' title="bbox 146 453 990 520; baseline -0.001 -13"><span class='ocrx_word' id='word_1_29' title='bbox 146 458 256 507; x_wconf 88' lang='lat' dir='ltr'>vocatus</span> <span class='ocrx_word' id='word_1_30' title='bbox 274 458 317 505; x_wconf 88' lang='lat' dir='ltr'>est</span> <span class='ocrx_word' id='word_1_31' title='bbox 334 456 373 519; x_wconf 86' lang='lat' dir='ltr'>ut,</span> <span class='ocrx_word' id='word_1_32' title='bbox 392 453 621 520; x_wconf 82' lang='lat' dir='ltr'>quemadmodum</span> <span class='ocrx_word' id='word_1_33' title='bbox 639 459 733 506; x_wconf 92' lang='lat' dir='ltr'>nostro</span> <span class='ocrx_word' id='word_1_34' title='bbox 750 470 826 506; x_wconf 91' lang='lat' dir='ltr'>more</span> <span class='ocrx_word' id='word_1_35' title='bbox 845 455 915 507; x_wconf 86' lang='lat' dir='ltr'>male</span> <span class='ocrx_word' id='word_1_36' title='bbox 935 472 990 508; x_wconf 86' lang='lat' dir='ltr'>rem</span> 
     </span>
    </p>

    <p class='ocr_par' dir='ltr' id='par_1_3' title="bbox 98 528 1081 599">
     <span class='ocr_line' id='line_1_6' title="bbox 98 528 1081 599; baseline 0.001 -16"><span class='ocrx_word' id='word_1_37' title='bbox 98 547 101 562; x_wconf 83' lang='lat'><strong>¹</strong></span> <span class='ocrx_word' id='word_1_38' title='bbox 146 528 303 597; x_wconf 79' lang='lat' dir='ltr'>gerentibus</span> <span class='ocrx_word' id='word_1_39' title='bbox 316 528 439 596; x_wconf 89' lang='lat' dir='ltr'>patribus</span> <span class='ocrx_word' id='word_1_40' title='bbox 453 528 529 582; x_wconf 88' lang='lat' dir='ltr'>bonis</span> <span class='ocrx_word' id='word_1_41' title='bbox 541 529 668 583; x_wconf 85' lang='lat' dir='ltr'>interdici</span> <span class='ocrx_word' id='word_1_42' title='bbox 686 529 764 594; x_wconf 89' lang='lat' dir='ltr'>solet,</span> <span class='ocrx_word' id='word_1_43' title='bbox 777 530 815 587; x_wconf 83' lang='lat' dir='ltr'>sie</span> <span class='ocrx_word' id='word_1_44' title='bbox 826 529 902 599; x_wconf 88' lang='lat' dir='ltr'>illum</span> <span class='ocrx_word' id='word_1_45' title='bbox 915 532 990 598; x_wconf 83' lang='lat' dir='ltr'>quasi</span> <span class='ocrx_word' id='word_1_46' title='bbox 1076 528 1081 534; x_wconf 75' lang='grc'><strong>”</strong></span> 
     </span>
    </p>

    <p class='ocr_par' dir='ltr' id='par_1_4' title="bbox 103 604 1101 1206">
     <span class='ocr_line' id='line_1_7' title="bbox 103 604 990 673; baseline 0.006 -20"><span class='ocrx_word' id='word_1_47' title='bbox 103 648 107 653; x_wconf 92' lang='grc'>.</span> <span class='ocrx_word' id='word_1_48' title='bbox 146 604 326 673; x_wconf 83' lang='lat' dir='ltr'>desipientem</span> <span class='ocrx_word' id='word_1_49' title='bbox 347 620 411 657; x_wconf 88' lang='lat' dir='ltr'>are</span> <span class='ocrx_word' id='word_1_50' title='bbox 433 604 558 657; x_wconf 76' lang='lat' dir='ltr'>familiari</span> <span class='ocrx_word' id='word_1_51' title='bbox 580 610 752 659; x_wconf 80' lang='lat' dir='ltr'>removerent</span> <span class='ocrx_word' id='word_1_52' title='bbox 772 605 886 671; x_wconf 86' lang='lat' dir='ltr'>judices.</span> <span class='ocrx_word' id='word_1_53' title='bbox 924 606 990 659; x_wconf 83' lang='lat' dir='ltr'>&#39;lain</span> 
     </span>
     <span class='ocr_line' id='line_1_8' title="bbox 147 680 992 749; baseline 0.002 -16"><span class='ocrx_word' id='word_1_54' title='bbox 147 697 229 734; x_wconf 84' lang='lat' dir='ltr'>senex</span> <span class='ocrx_word' id='word_1_55' title='bbox 243 680 343 733; x_wconf 87' lang='lat' dir='ltr'>dicitur</span> <span class='ocrx_word' id='word_1_56' title='bbox 354 696 414 733; x_wconf 88' lang='lat' dir='ltr'>eam</span> <span class='ocrx_word' id='word_1_57' title='bbox 430 680 549 733; x_wconf 88' lang='lat' dir='ltr'>fabulam</span> <span class='ocrx_word' id='word_1_58' title='bbox 564 698 644 749; x_wconf 87' lang='lat' dir='ltr'>quam</span> <span class='ocrx_word' id='word_1_59' title='bbox 657 683 685 733; x_wconf 91' lang='lat' dir='ltr'>in</span> <span class='ocrx_word' id='word_1_60' title='bbox 698 681 821 734; x_wconf 82' lang='lat' dir='ltr'>nranibas</span> <span class='ocrx_word' id='word_1_61' title='bbox 834 682 952 735; x_wconf 84' lang='lat' dir='ltr'>habebat</span> <span class='ocrx_word' id='word_1_62' title='bbox 963 691 992 735; x_wconf 90' lang='lat' dir='ltr'>ct</span> 
     </span>
     <span class='ocr_line' id='line_1_9' title="bbox 147 757 992 825; baseline 0.005 -19"><span class='ocrx_word' id='word_1_63' title='bbox 147 758 270 825; x_wconf 75' lang='lat' dir='ltr'>proxime</span> <span class='ocrx_word' id='word_1_64' title='bbox 286 759 440 825; x_wconf 75' lang='lat' dir='ltr'>scripserat,</span> <span class='ocrx_word' id='word_1_65' title='bbox 456 757 590 825; x_wconf 85' lang='lat' dir='ltr'>Oedipum</span> <span class='ocrx_word' id='word_1_66' title='bbox 604 758 758 824; x_wconf 88' lang='lat' dir='ltr'>Coloneum,</span> <span class='ocrx_word' id='word_1_67' title='bbox 777 760 906 811; x_wconf 84' lang='lat' dir='ltr'>recitasse</span> <span class='ocrx_word' id='word_1_68' title='bbox 920 758 992 824; x_wconf 89' lang='lat' dir='ltr'>judi-</span> 
     </span>
     <span class='ocr_line' id='line_1_10' title="bbox 146 821 991 901; baseline 0.002 -16"><span class='ocrx_word' id='word_1_69' title='bbox 146 831 222 885; x_wconf 89' lang='lat' dir='ltr'>cibus</span> <span class='ocrx_word' id='word_1_70' title='bbox 237 833 437 901; x_wconf 86' lang='lat' dir='ltr'>quaesisseque,</span> <span class='ocrx_word' id='word_1_71' title='bbox 454 850 517 887; x_wconf 87' lang='lat' dir='ltr'>num</span> <span class='ocrx_word' id='word_1_72' title='bbox 534 821 603 887; x_wconf 91' lang='lat' dir='ltr'>illud</span> <span class='ocrx_word' id='word_1_73' title='bbox 618 850 727 887; x_wconf 88' lang='lat' dir='ltr'>carmen</span> <span class='ocrx_word' id='word_1_74' title='bbox 744 834 903 901; x_wconf 85' lang='lat' dir='ltr'>desipientis</span> <span class='ocrx_word' id='word_1_75' title='bbox 919 834 991 887; x_wconf 86' lang='lat' dir='ltr'>vide-</span> 
     </span>
     <span class='ocr_line' id='line_1_11' title="bbox 147 909 1058 978; baseline 0.002 -17"><span class='ocrx_word' id='word_1_76' title='bbox 147 913 230 963; x_wconf 87' lang='lat' dir='ltr'>retur.</span> <span class='ocrx_word' id='word_1_77' title='bbox 267 909 326 972; x_wconf 80' lang='lat' dir='ltr'>Quo</span> <span class='ocrx_word' id='word_1_78' title='bbox 344 910 460 963; x_wconf 90' lang='lat' dir='ltr'>recitato</span> <span class='ocrx_word' id='word_1_79' title='bbox 481 910 624 963; x_wconf 86' lang='lat' dir='ltr'>sententiis</span> <span class='ocrx_word' id='word_1_80' title='bbox 643 911 767 978; x_wconf 88' lang='lat' dir='ltr'>judicum</span> <span class='ocrx_word' id='word_1_81' title='bbox 787 915 829 964; x_wconf 87' lang='lat' dir='ltr'>cst</span> <span class='ocrx_word' id='word_1_82' title='bbox 853 910 991 964; x_wconf 87' lang='lat' dir='ltr'>liberatus.</span> <span class='ocrx_word' id='word_1_83' title='bbox 1053 924 1058 929; x_wconf 88' lang='grc'>’</span> 
     </span>
     <span class='ocr_line' id='line_1_12' title="bbox 147 986 1101 1060; baseline 0.002 -23"><span class='ocrx_word' id='word_1_84' title='bbox 147 990 187 1039; x_wconf 79' lang='lat'>23.</span> <span class='ocrx_word' id='word_1_85' title='bbox 209 986 281 1038; x_wconf 89' lang='lat' dir='ltr'>Num</span> <span class='ocrx_word' id='word_1_86' title='bbox 298 986 383 1052; x_wconf 88' lang='lat' dir='ltr'>igitur</span> <span class='ocrx_word' id='word_1_87' title='bbox 398 986 475 1051; x_wconf 84' lang='lat' dir='ltr'>lrune,</span> <span class='ocrx_word' id='word_1_88' title='bbox 493 1003 558 1049; x_wconf 89' lang='lat' dir='ltr'>num</span> <span class='ocrx_word' id='word_1_89' title='bbox 577 987 815 1052; x_wconf 69' lang='lat' dir='ltr'>{lerneam-aum</span> <span class='ocrx_word' id='word_1_90' title='bbox 833 986 991 1052; x_wconf 81' lang='lat' dir='ltr'>Ilesiodum&#39;,</span> <span class='ocrx_word' id='word_1_91' title='bbox 1034 1013 1036 1017; x_wconf 95' lang='lat'>·</span> <span class='ocrx_word' id='word_1_92' title='bbox 1063 1018 1066 1021; x_wconf 59' lang='lat'><strong>&gt;</strong></span> <span class='ocrx_word' id='word_1_93' title='bbox 1099 1052 1101 1060; x_wconf 37' lang='grc' dir='ltr'>Ι</span> 
     </span>
     <span class='ocr_line' id='line_1_13' title="bbox 147 1058 1063 1136; baseline 0.003 -24"><span class='ocrx_word' id='word_1_94' title='bbox 147 1076 211 1113; x_wconf 82' lang='grc' dir='ltr'>ιιιιιιι</span> <span class='ocrx_word' id='word_1_95' title='bbox 224 1060 398 1135; x_wconf 84' lang='lat' dir='ltr'>Simonidem,</span> <span class='ocrx_word' id='word_1_96' title='bbox 411 1058 475 1114; x_wconf 81' lang='lat' dir='ltr'>nuni</span> <span class='ocrx_word' id='word_1_97' title='bbox 490 1063 682 1123; x_wconf 78' lang='lat' dir='ltr'>Stesichorum,</span> <span class='ocrx_word' id='word_1_98' title='bbox 695 1080 758 1115; x_wconf 91' lang='lat' dir='ltr'>num</span> <span class='ocrx_word' id='word_1_99' title='bbox 772 1079 840 1130; x_wconf 90' lang='lat' dir='ltr'>quos</span> <span class='ocrx_word' id='word_1_100' title='bbox 851 1068 915 1115; x_wconf 85' lang='lat' dir='ltr'>arrtc</span> <span class='ocrx_word' id='word_1_101' title='bbox 927 1063 995 1128; x_wconf 82' lang='lat' dir='ltr'>dini,</span> <span class='ocrx_word' id='word_1_102' title='bbox 1060 1131 1063 1136; x_wconf 24' lang='grc' dir='ltr'>Ι</span> 
     </span>
     <span class='ocr_line' id='line_1_14' title="bbox 148 1136 1068 1206; baseline 0.005 -17"><span class='ocrx_word' id='word_1_103' title='bbox 148 1136 304 1202; x_wconf 84' lang='lat' dir='ltr'>Isocratem,</span> <span class='ocrx_word' id='word_1_104' title='bbox 318 1140 453 1204; x_wconf 83' lang='lat' dir='ltr'>Gorgiam,</span> <span class='ocrx_word' id='word_1_105' title='bbox 468 1154 532 1191; x_wconf 91' lang='lat' dir='ltr'>num</span> <span class='ocrx_word' id='word_1_106' title='bbox 549 1139 769 1206; x_wconf 85' lang='lat' dir='ltr'>philosophorum</span> <span class='ocrx_word' id='word_1_107' title='bbox 786 1140 929 1206; x_wconf 88' lang='lat' dir='ltr'>principes,</span> <span class='ocrx_word' id='word_1_108' title='bbox 943 1138 992 1206; x_wconf 80' lang='lat' dir='ltr'>Py·</span> <span class='ocrx_word' id='word_1_109' title='bbox 1055 1150 1068 1194; x_wconf 88' lang='grc'>.’</span> 
     </span>
    </p>

    <p class='ocr_par' dir='ltr' id='par_1_5' title="bbox 78 1212 1107 1965">
     <span class='ocr_line' id='line_1_15' title="bbox 78 1212 1046 1285; baseline 0.003 -21"><span class='ocrx_word' id='word_1_110' title='bbox 78 1282 80 1285; x_wconf 21' lang='grc' dir='ltr'>Ι</span> <span class='ocrx_word' id='word_1_111' title='bbox 146 1212 295 1279; x_wconf 85' lang='lat' dir='ltr'>thagoram,</span> <span class='ocrx_word' id='word_1_112' title='bbox 314 1214 506 1279; x_wconf 84' lang='lat' dir='ltr'>Democritum,</span> <span class='ocrx_word' id='word_1_113' title='bbox 526 1232 590 1267; x_wconf 90' lang='lat' dir='ltr'>uum</span> <span class='ocrx_word' id='word_1_114' title='bbox 611 1215 757 1281; x_wconf 86' lang='lat' dir='ltr'>Platonem,</span> <span class='ocrx_word' id='word_1_115' title='bbox 775 1232 840 1267; x_wconf 89' lang='lat' dir='ltr'>uum</span> <span class='ocrx_word' id='word_1_116' title='bbox 858 1216 1001 1267; x_wconf 63' lang='lat' dir='ltr'>Xenocra</span> <span class='ocrx_word' id='word_1_117' title='bbox 1043 1272 1046 1276; x_wconf 66' lang='grc'><em>,</em></span> 
     </span>
     <span class='ocr_line' id='line_1_16' title="bbox 148 1290 1070 1359; baseline 0.002 -18"><span class='ocrx_word' id='word_1_118' title='bbox 148 1291 211 1355; x_wconf 63' lang='lat' dir='ltr'>teng</span> <span class='ocrx_word' id='word_1_119' title='bbox 229 1304 293 1341; x_wconf 91' lang='lat' dir='ltr'>num</span> <span class='ocrx_word' id='word_1_120' title='bbox 311 1294 407 1357; x_wconf 87' lang='lat' dir='ltr'>postea</span> <span class='ocrx_word' id='word_1_121' title='bbox 423 1290 567 1354; x_wconf 85' lang='lat' dir='ltr'>Zenonem,</span> <span class='ocrx_word' id='word_1_122' title='bbox 586 1291 751 1357; x_wconf 81' lang='lat' dir='ltr'>Cleanthem,</span> <span class='ocrx_word' id='word_1_123' title='bbox 767 1295 815 1344; x_wconf 88' lang='lat' dir='ltr'>aut</span> <span class='ocrx_word' id='word_1_124' title='bbox 833 1308 895 1344; x_wconf 83' lang='lat' dir='ltr'>oum</span> <span class='ocrx_word' id='word_1_125' title='bbox 911 1307 992 1359; x_wconf 89' lang='lat' dir='ltr'>quem</span> <span class='ocrx_word' id='word_1_126' title='bbox 1066 1310 1070 1313; x_wconf 92' lang='lat'>·</span> 
     </span>
     <span class='ocr_line' id='line_1_17' title="bbox 146 1364 991 1434; baseline 0.004 -18"><span class='ocrx_word' id='word_1_127' title='bbox 146 1380 194 1418; x_wconf 85' lang='lat' dir='ltr'>vos</span> <span class='ocrx_word' id='word_1_128' title='bbox 210 1364 292 1417; x_wconf 88' lang='lat' dir='ltr'>etiam</span> <span class='ocrx_word' id='word_1_129' title='bbox 307 1365 414 1419; x_wconf 79' lang='lat' dir='ltr'>vidistis</span> <span class='ocrx_word' id='word_1_130' title='bbox 429 1366 537 1432; x_wconf 84' lang='lat' dir='ltr'>Romae,</span> <span class='ocrx_word' id='word_1_131' title='bbox 552 1366 700 1433; x_wconf 86' lang='lat' dir='ltr'>Diogenem</span> <span class='ocrx_word' id='word_1_132' title='bbox 719 1367 847 1432; x_wconf 84' lang='lat' dir='ltr'>Stoicum,</span> <span class='ocrx_word' id='word_1_133' title='bbox 860 1368 949 1434; x_wconf 84' lang='lat' dir='ltr'>coegit</span> <span class='ocrx_word' id='word_1_134' title='bbox 964 1367 991 1420; x_wconf 91' lang='lat' dir='ltr'>iu</span> 
     </span>
     <span class='ocr_line' id='line_1_18' title="bbox 147 1439 993 1505; baseline 0.004 -13"><span class='ocrx_word' id='word_1_135' title='bbox 147 1440 203 1493; x_wconf 89' lang='lat' dir='ltr'>suis</span> <span class='ocrx_word' id='word_1_136' title='bbox 222 1439 321 1493; x_wconf 90' lang='lat' dir='ltr'>studiis</span> <span class='ocrx_word' id='word_1_137' title='bbox 340 1441 527 1495; x_wconf 86' lang='lat' dir='ltr'>obmutescere</span> <span class='ocrx_word' id='word_1_138' title='bbox 547 1448 680 1505; x_wconf 87' lang='lat' dir='ltr'>senectus,</span> <span class='ocrx_word' id='word_1_139' title='bbox 705 1459 739 1494; x_wconf 89' lang='lat' dir='ltr'>an</span> <span class='ocrx_word' id='word_1_140' title='bbox 763 1443 791 1494; x_wconf 93' lang='lat' dir='ltr'>in</span> <span class='ocrx_word' id='word_1_141' title='bbox 809 1442 932 1494; x_wconf 88' lang='lat' dir='ltr'>omnibus</span> <span class='ocrx_word' id='word_1_142' title='bbox 950 1442 993 1495; x_wconf 81' lang='lat' dir='ltr'>liis</span> 
     </span>
     <span class='ocr_line' id='line_1_19' title="bbox 147 1516 1095 1586; baseline 0.003 -17"><span class='ocrx_word' id='word_1_143' title='bbox 147 1516 299 1569; x_wconf 88' lang='lat' dir='ltr'>studiorum</span> <span class='ocrx_word' id='word_1_144' title='bbox 319 1517 432 1584; x_wconf 80' lang='lat' dir='ltr'>agitatio</span> <span class='ocrx_word' id='word_1_145' title='bbox 452 1517 524 1570; x_wconf 87' lang='lat' dir='ltr'>vitae</span> <span class='ocrx_word' id='word_1_146' title='bbox 545 1518 668 1586; x_wconf 88' lang='lat' dir='ltr'>aequalis</span> <span class='ocrx_word' id='word_1_147' title='bbox 687 1517 757 1571; x_wconf 81' lang='lat' dir='ltr'>fuiti</span> <span class='ocrx_word' id='word_1_148' title='bbox 797 1524 840 1585; x_wconf 77' lang='lat'>24.</span> <span class='ocrx_word' id='word_1_149' title='bbox 872 1521 940 1584; x_wconf 88' lang='lat' dir='ltr'>Age,</span> <span class='ocrx_word' id='word_1_150' title='bbox 960 1523 993 1572; x_wconf 86' lang='lat' dir='ltr'>ut</span> <span class='ocrx_word' id='word_1_151' title='bbox 1093 1563 1095 1566; x_wconf 95' lang='lat'>.</span> 
     </span>
     <span class='ocr_line' id='line_1_20' title="bbox 147 1591 1107 1662; baseline 0.005 -19"><span class='ocrx_word' id='word_1_152' title='bbox 147 1591 200 1644; x_wconf 89' lang='lat' dir='ltr'>ista</span> <span class='ocrx_word' id='word_1_153' title='bbox 212 1591 302 1645; x_wconf 85' lang='lat' dir='ltr'>divina</span> <span class='ocrx_word' id='word_1_154' title='bbox 319 1591 409 1645; x_wconf 87' lang='lat' dir='ltr'>studia</span> <span class='ocrx_word' id='word_1_155' title='bbox 421 1594 587 1661; x_wconf 87' lang='lat' dir='ltr'>emittamus,</span> <span class='ocrx_word' id='word_1_156' title='bbox 600 1610 709 1662; x_wconf 82' lang='lat' dir='ltr'>possum</span> <span class='ocrx_word' id='word_1_157' title='bbox 725 1594 865 1646; x_wconf 89' lang='lat' dir='ltr'>nominare</span> <span class='ocrx_word' id='word_1_158' title='bbox 877 1610 911 1646; x_wconf 83' lang='lat' dir='ltr'>cn</span> <span class='ocrx_word' id='word_1_159' title='bbox 926 1610 992 1660; x_wconf 85' lang='lat' dir='ltr'>agro</span> <span class='ocrx_word' id='word_1_160' title='bbox 1078 1632 1081 1636; x_wconf 89' lang='lat'>-</span> <span class='ocrx_word' id='word_1_161' title='bbox 1106 1625 1107 1630; x_wconf 65' lang='lat'><em>=</em></span> 
     </span>
     <span class='ocr_line' id='line_1_21' title="bbox 147 1666 992 1736; baseline 0.004 -16"><span class='ocrx_word' id='word_1_162' title='bbox 147 1666 246 1720; x_wconf 82' lang='lat' dir='ltr'>Sabino</span> <span class='ocrx_word' id='word_1_163' title='bbox 269 1668 385 1721; x_wconf 87' lang='lat' dir='ltr'>rusticos</span> <span class='ocrx_word' id='word_1_164' title='bbox 408 1668 552 1736; x_wconf 87' lang='lat' dir='ltr'>Romanos,</span> <span class='ocrx_word' id='word_1_165' title='bbox 570 1670 672 1723; x_wconf 76' lang='lat' dir='ltr'>ricinos</span> <span class='ocrx_word' id='word_1_166' title='bbox 692 1675 722 1725; x_wconf 80' lang='lat' dir='ltr'>et</span> <span class='ocrx_word' id='word_1_167' title='bbox 741 1670 888 1722; x_wconf 85' lang='lat' dir='ltr'>familiares</span> <span class='ocrx_word' id='word_1_168' title='bbox 911 1685 992 1734; x_wconf 91' lang='lat' dir='ltr'>meos,</span> 
     </span>
     <span class='ocr_line' id='line_1_22' title="bbox 147 1742 993 1814; baseline 0.001 -19"><span class='ocrx_word' id='word_1_169' title='bbox 147 1742 250 1811; x_wconf 88' lang='lat' dir='ltr'>quibus</span> <span class='ocrx_word' id='word_1_170' title='bbox 264 1742 423 1797; x_wconf 84' lang='lat' dir='ltr'>absentibus</span> <span class='ocrx_word' id='word_1_171' title='bbox 443 1762 580 1814; x_wconf 90' lang='lat' dir='ltr'>nunquam</span> <span class='ocrx_word' id='word_1_172' title='bbox 602 1747 659 1799; x_wconf 88' lang='lat' dir='ltr'>fere</span> <span class='ocrx_word' id='word_1_173' title='bbox 678 1746 733 1798; x_wconf 88' lang='lat' dir='ltr'>ulla</span> <span class='ocrx_word' id='word_1_174' title='bbox 754 1747 782 1798; x_wconf 92' lang='lat' dir='ltr'>in</span> <span class='ocrx_word' id='word_1_175' title='bbox 803 1762 868 1813; x_wconf 88' lang='lat' dir='ltr'>agro</span> <span class='ocrx_word' id='word_1_176' title='bbox 890 1745 993 1813; x_wconf 86' lang='lat' dir='ltr'>majora</span> 
     </span>
     <span class='ocr_line' id='line_1_23' title="bbox 146 1819 991 1890; baseline 0.001 -18"><span class='ocrx_word' id='word_1_177' title='bbox 146 1836 230 1888; x_wconf 88' lang='lat' dir='ltr'>opera</span> <span class='ocrx_word' id='word_1_178' title='bbox 243 1819 319 1885; x_wconf 89' lang='lat' dir='ltr'>liunt,</span> <span class='ocrx_word' id='word_1_179' title='bbox 332 1837 384 1873; x_wconf 93' lang='lat' dir='ltr'>non</span> <span class='ocrx_word' id='word_1_180' title='bbox 398 1821 528 1889; x_wconf 77' lang='lat' dir='ltr'>serendis,</span> <span class='ocrx_word' id='word_1_181' title='bbox 540 1838 593 1874; x_wconf 91' lang='lat' dir='ltr'>non</span> <span class='ocrx_word' id='word_1_182' title='bbox 610 1822 799 1890; x_wconf 86' lang='lat' dir='ltr'>percipiendis,</span> <span class='ocrx_word' id='word_1_183' title='bbox 811 1838 862 1873; x_wconf 91' lang='lat' dir='ltr'>non</span> <span class='ocrx_word' id='word_1_184' title='bbox 876 1821 991 1873; x_wconf 91' lang='lat' dir='ltr'>conden-</span> 
     </span>
     <span class='ocr_line' id='line_1_24' title="bbox 146 1894 992 1965; baseline 0.002 -18"><span class='ocrx_word' id='word_1_185' title='bbox 146 1895 188 1948; x_wconf 90' lang='lat' dir='ltr'>dis</span> <span class='ocrx_word' id='word_1_186' title='bbox 206 1894 347 1949; x_wconf 78' lang='lat' dir='ltr'>fructibua</span> <span class='ocrx_word' id='word_1_187' title='bbox 385 1896 555 1965; x_wconf 81' lang='lat' dir='ltr'>Quamquam</span> <span class='ocrx_word' id='word_1_188' title='bbox 575 1899 602 1949; x_wconf 92' lang='lat' dir='ltr'>in</span> <span class='ocrx_word' id='word_1_189' title='bbox 621 1898 681 1950; x_wconf 87' lang='lat' dir='ltr'>aliis</span> <span class='ocrx_word' id='word_1_190' title='bbox 701 1898 789 1949; x_wconf 87' lang='lat' dir='ltr'>minus</span> <span class='ocrx_word' id='word_1_191' title='bbox 810 1897 860 1949; x_wconf 89' lang='lat' dir='ltr'>hoc</span> <span class='ocrx_word' id='word_1_192' title='bbox 880 1898 992 1960; x_wconf 68' lang='lat' dir='ltr'>minum</span> 
     </span>
    </p>

    <p class='ocr_par' dir='ltr' id='par_1_6' title="bbox 97 1971 994 2193">
     <span class='ocr_line' id='line_1_25' title="bbox 97 1971 992 2045; baseline -0.003 -16"><span class='ocrx_word' id='word_1_193' title='bbox 97 1971 107 2029; x_wconf 80' lang='lat' dir='ltr'>l</span> <span class='ocrx_word' id='word_1_194' title='bbox 146 1988 225 2025; x_wconf 91' lang='lat' dir='ltr'>neme</span> <span class='ocrx_word' id='word_1_195' title='bbox 238 1972 309 2025; x_wconf 88' lang='lat' dir='ltr'>enirn</span> <span class='ocrx_word' id='word_1_196' title='bbox 322 1976 432 2027; x_wconf 83' lang='lat' dir='ltr'>estium</span> <span class='ocrx_word' id='word_1_197' title='bbox 445 1990 528 2027; x_wconf 87' lang='lat' dir='ltr'>senex</span> <span class='ocrx_word' id='word_1_198' title='bbox 541 1974 588 2045; x_wconf 89' lang='lat' dir='ltr'>qui</span> <span class='ocrx_word' id='word_1_199' title='bbox 601 1990 630 2026; x_wconf 87' lang='lat' dir='ltr'>se</span> <span class='ocrx_word' id='word_1_200' title='bbox 643 1990 742 2026; x_wconf 88' lang='lat' dir='ltr'>annum</span> <span class='ocrx_word' id='word_1_201' title='bbox 757 1990 809 2025; x_wconf 90' lang='lat' dir='ltr'>non</span> <span class='ocrx_word' id='word_1_202' title='bbox 822 1978 901 2041; x_wconf 88' lang='lat' dir='ltr'>putet</span> <span class='ocrx_word' id='word_1_203' title='bbox 913 1989 992 2041; x_wconf 86' lang='lat' dir='ltr'>pesse</span> 
     </span>
     <span class='ocr_line' id='line_1_26' title="bbox 146 2032 994 2116; baseline 0.001 -16"><span class='ocrx_word' id='word_1_204' title='bbox 146 2048 249 2101; x_wconf 90' lang='lat' dir='ltr'>vivere:</span> <span class='ocrx_word' id='word_1_205' title='bbox 272 2048 321 2101; x_wconf 91' lang='lat' dir='ltr'>scd</span> <span class='ocrx_word' id='word_1_206' title='bbox 336 2048 420 2101; x_wconf 89' lang='lat' dir='ltr'>iidem</span> <span class='ocrx_word' id='word_1_207' title='bbox 437 2050 465 2101; x_wconf 93' lang='lat' dir='ltr'>in</span> <span class='ocrx_word' id='word_1_208' title='bbox 481 2050 515 2102; x_wconf 89' lang='lat' dir='ltr'>iis</span> <span class='ocrx_word' id='word_1_209' title='bbox 531 2049 674 2102; x_wconf 86' lang='lat' dir='ltr'>elaborant</span> <span class='ocrx_word' id='word_1_210' title='bbox 686 2066 755 2116; x_wconf 85' lang='lat' dir='ltr'>quac</span> <span class='ocrx_word' id='word_1_211' title='bbox 772 2050 860 2101; x_wconf 90' lang='lat' dir='ltr'>sciunt</span> <span class='ocrx_word' id='word_1_212' title='bbox 876 2048 941 2100; x_wconf 92' lang='lat' dir='ltr'>nihil</span> <span class='ocrx_word' id='word_1_213' title='bbox 956 2032 994 2101; x_wconf 84' lang='lat' dir='ltr'>ad</span> 
     </span>
     <span class='ocr_line' id='line_1_27' title="bbox 146 2125 459 2193; baseline 0.006 -17"><span class='ocrx_word' id='word_1_214' title='bbox 146 2139 176 2177; x_wconf 89' lang='lat' dir='ltr'>se</span> <span class='ocrx_word' id='word_1_215' title='bbox 187 2125 296 2177; x_wconf 88' lang='lat' dir='ltr'>omnino</span> <span class='ocrx_word' id='word_1_216' title='bbox 308 2126 459 2193; x_wconf 86' lang='lat' dir='ltr'>pertinere:</span> 
     </span>
    </p>
   </div>
   <div class='ocr_carea' id='block_1_3' title="bbox 293 2200 845 2288">
    <p class='ocr_par' dir='ltr' id='par_1_7' title="bbox 293 2200 845 2288">
     <span class='ocr_line' id='line_1_28' title="bbox 293 2200 845 2288; baseline 0 -16"><span class='ocrx_word' id='word_1_217' title='bbox 293 2225 357 2273; x_wconf 87' lang='lat' dir='ltr'>Serit</span> <span class='ocrx_word' id='word_1_218' title='bbox 368 2200 466 2272; x_wconf 74' lang='lat' dir='ltr'>arbores</span> <span class='ocrx_word' id='word_1_219' title='bbox 479 2241 541 2287; x_wconf 86' lang='lat' dir='ltr'>quae</span> <span class='ocrx_word' id='word_1_220' title='bbox 553 2226 624 2272; x_wconf 84' lang='lat' dir='ltr'>alteri</span> <span class='ocrx_word' id='word_1_221' title='bbox 635 2226 717 2272; x_wconf 87' lang='lat' dir='ltr'>seculo</span> <span class='ocrx_word' id='word_1_222' title='bbox 729 2227 845 2288; x_wconf 87' lang='lat' dir='ltr'>presieut,</span> 
     </span>
    </p>
   </div>
   <div class='ocr_carea' id='block_1_4' title="bbox 145 2320 1072 2767">
    <p class='ocr_par' dir='ltr' id='par_1_8' title="bbox 145 2320 993 2617">
     <span class='ocr_line' id='line_1_29' title="bbox 146 2320 992 2388; baseline -0.001 -15"><span class='ocrx_word' id='word_1_223' title='bbox 146 2323 230 2375; x_wconf 84' lang='lat' dir='ltr'>nteit</span> <span class='ocrx_word' id='word_1_224' title='bbox 245 2322 349 2375; x_wconf 87' lang='lat' dir='ltr'>Statius</span> <span class='ocrx_word' id='word_1_225' title='bbox 364 2326 458 2373; x_wconf 90' lang='lat' dir='ltr'>noster</span> <span class='ocrx_word' id='word_1_226' title='bbox 472 2322 500 2373; x_wconf 93' lang='lat' dir='ltr'>in</span> <span class='ocrx_word' id='word_1_227' title='bbox 516 2321 690 2388; x_wconf 55' lang='lat' dir='ltr'>Synephebis.</span> <span class='ocrx_word' id='word_1_228' title='bbox 727 2326 767 2374; x_wconf 78' lang='lat'>25.</span> <span class='ocrx_word' id='word_1_229' title='bbox 793 2320 819 2373; x_wconf 91' lang='lat' dir='ltr'>N</span> <span class='ocrx_word' id='word_1_230' title='bbox 822 2337 852 2374; x_wconf 90' lang='lat' dir='ltr'>cc</span> <span class='ocrx_word' id='word_1_231' title='bbox 864 2337 928 2374; x_wconf 86' lang='lat' dir='ltr'>vero</span> <span class='ocrx_word' id='word_1_232' title='bbox 943 2321 992 2373; x_wconf 90' lang='lat' dir='ltr'>du-</span> 
     </span>
     <span class='ocr_line' id='line_1_30' title="bbox 146 2396 992 2465; baseline -0.001 -16"><span class='ocrx_word' id='word_1_233' title='bbox 146 2396 217 2450; x_wconf 90' lang='lat' dir='ltr'>bitet</span> <span class='ocrx_word' id='word_1_234' title='bbox 229 2398 346 2465; x_wconf 86' lang='lat' dir='ltr'>agricola</span> <span class='ocrx_word' id='word_1_235' title='bbox 356 2396 478 2464; x_wconf 88' lang='lat' dir='ltr'>quamvis</span> <span class='ocrx_word' id='word_1_236' title='bbox 491 2413 574 2449; x_wconf 79' lang='lat' dir='ltr'>senex</span> <span class='ocrx_word' id='word_1_237' title='bbox 587 2396 729 2464; x_wconf 85' lang='lat' dir='ltr'>quaerenti</span> <span class='ocrx_word' id='word_1_238' title='bbox 739 2396 782 2449; x_wconf 92' lang='lat' dir='ltr'>eui</span> <span class='ocrx_word' id='word_1_239' title='bbox 795 2401 869 2449; x_wconf 88' lang='lat' dir='ltr'>serat</span> <span class='ocrx_word' id='word_1_240' title='bbox 881 2413 992 2464; x_wconf 89' lang='lat' dir='ltr'>respon-</span> 
     </span>
     <span class='ocr_line' id='line_1_31' title="bbox 145 2472 993 2540; baseline 0.001 -15"><span class='ocrx_word' id='word_1_241' title='bbox 145 2472 224 2525; x_wconf 90' lang='lat' dir='ltr'>dere:</span> <span class='ocrx_word' id='word_1_242' title='bbox 244 2472 301 2525; x_wconf 83' lang='lat' dir='ltr'>Diis</span> <span class='ocrx_word' id='word_1_243' title='bbox 314 2472 513 2525; x_wconf 88' lang='lat' dir='ltr'>immortalibus</span> <span class='ocrx_word' id='word_1_244' title='bbox 523 2473 570 2539; x_wconf 91' lang='lat' dir='ltr'>qui</span> <span class='ocrx_word' id='word_1_245' title='bbox 582 2489 626 2525; x_wconf 90' lang='lat' dir='ltr'>me</span> <span class='ocrx_word' id='word_1_246' title='bbox 636 2489 688 2525; x_wconf 92' lang='lat' dir='ltr'>nen</span> <span class='ocrx_word' id='word_1_247' title='bbox 701 2473 823 2540; x_wconf 85' lang='lat' dir='ltr'>accipere</span> <span class='ocrx_word' id='word_1_248' title='bbox 835 2472 915 2524; x_wconf 92' lang='lat' dir='ltr'>modo</span> <span class='ocrx_word' id='word_1_249' title='bbox 927 2472 993 2526; x_wconf 82' lang='lat' dir='ltr'>hace</span> 
     </span>
     <span class='ocr_line' id='line_1_32' title="bbox 145 2547 905 2617; baseline 0 -16"><span class='ocrx_word' id='word_1_250' title='bbox 145 2564 162 2601; x_wconf 86' lang='lat' dir='ltr'>a</span> <span class='ocrx_word' id='word_1_251' title='bbox 174 2548 323 2616; x_wconf 86' lang='lat' dir='ltr'>majoribus</span> <span class='ocrx_word' id='word_1_252' title='bbox 335 2548 484 2613; x_wconf 90' lang='lat' dir='ltr'>voluerunt,</span> <span class='ocrx_word' id='word_1_253' title='bbox 497 2547 546 2601; x_wconf 89' lang='lat' dir='ltr'>sed</span> <span class='ocrx_word' id='word_1_254' title='bbox 558 2549 640 2601; x_wconf 88' lang='lat' dir='ltr'>etiam</span> <span class='ocrx_word' id='word_1_255' title='bbox 653 2550 769 2617; x_wconf 88' lang='lat' dir='ltr'>pesteris</span> <span class='ocrx_word' id='word_1_256' title='bbox 781 2548 905 2615; x_wconf 89' lang='lat' dir='ltr'>prodere.</span> 
     </span>
    </p>

    <p class='ocr_par' dir='ltr' id='par_1_9' title="bbox 145 2623 1072 2767">
     <span class='ocr_line' id='line_1_33' title="bbox 197 2623 1072 2691; baseline -0.002 -14"><span class='ocrx_word' id='word_1_257' title='bbox 197 2623 282 2678; x_wconf 88' lang='lat' dir='ltr'>Vlll.</span> <span class='ocrx_word' id='word_1_258' title='bbox 302 2623 400 2677; x_wconf 89' lang='lat' dir='ltr'>Melius</span> <span class='ocrx_word' id='word_1_259' title='bbox 409 2624 541 2678; x_wconf 84' lang='lat' dir='ltr'>Caecilius</span> <span class='ocrx_word' id='word_1_260' title='bbox 554 2624 590 2676; x_wconf 90' lang='lat' dir='ltr'>de</span> <span class='ocrx_word' id='word_1_261' title='bbox 602 2640 666 2676; x_wconf 90' lang='lat' dir='ltr'>sene</span> <span class='ocrx_word' id='word_1_262' title='bbox 678 2624 756 2676; x_wconf 87' lang='lat' dir='ltr'>alteri</span> <span class='ocrx_word' id='word_1_263' title='bbox 770 2624 876 2676; x_wconf 89' lang='lat' dir='ltr'>saeculo</span> <span class='ocrx_word' id='word_1_264' title='bbox 888 2624 994 2691; x_wconf 88' lang='lat' dir='ltr'>prospi·</span> <span class='ocrx_word' id='word_1_265' title='bbox 1069 2674 1072 2682; x_wconf 89' lang='grc'><strong>,</strong></span> 
     </span>
     <span class='ocr_line' id='line_1_34' title="bbox 145 2700 509 2767; baseline 0 -14"><span class='ocrx_word' id='word_1_266' title='bbox 145 2701 235 2753; x_wconf 85' lang='lat' dir='ltr'>ciente</span> <span class='ocrx_word' id='word_1_267' title='bbox 248 2715 329 2767; x_wconf 85' lang='lat' dir='ltr'>quam</span> <span class='ocrx_word' id='word_1_268' title='bbox 342 2700 409 2752; x_wconf 91' lang='lat' dir='ltr'>illud</span> <span class='ocrx_word' id='word_1_269' title='bbox 422 2700 509 2753; x_wconf 88' lang='lat' dir='ltr'>idem:</span> 
     </span>
    </p>
   </div>
   <div class='ocr_carea' id='block_1_5' title="bbox 242 2805 914 2996">
    <p class='ocr_par' dir='ltr' id='par_1_10' title="bbox 242 2805 914 2996">
     <span class='ocr_line' id='line_1_35' title="bbox 243 2805 836 2867; baseline 0 -15"><span class='ocrx_word' id='word_1_270' title='bbox 243 2805 337 2867; x_wconf 85' lang='lat' dir='ltr'>Edepol</span> <span class='ocrx_word' id='word_1_271' title='bbox 349 2812 469 2864; x_wconf 77' lang='lat' dir='ltr'>sericatus,</span> <span class='ocrx_word' id='word_1_272' title='bbox 485 2806 505 2853; x_wconf 87' lang='lat' dir='ltr'>si</span> <span class='ocrx_word' id='word_1_273' title='bbox 517 2806 552 2853; x_wconf 92' lang='lat' dir='ltr'>nil</span> <span class='ocrx_word' id='word_1_274' title='bbox 563 2806 698 2867; x_wconf 87' lang='lat' dir='ltr'>quidquam</span> <span class='ocrx_word' id='word_1_275' title='bbox 710 2806 779 2853; x_wconf 87' lang='lat' dir='ltr'>aliud</span> <span class='ocrx_word' id='word_1_276' title='bbox 789 2807 836 2853; x_wconf 86' lang='lat' dir='ltr'>vitt</span> 
     </span>
     <span class='ocr_line' id='line_1_36' title="bbox 242 2870 914 2932; baseline 0.001 -16"><span class='ocrx_word' id='word_1_277' title='bbox 242 2870 368 2931; x_wconf 85' lang='lat' dir='ltr'>Apportes</span> <span class='ocrx_word' id='word_1_278' title='bbox 379 2876 470 2927; x_wconf 87' lang='lat' dir='ltr'>tecum,</span> <span class='ocrx_word' id='word_1_279' title='bbox 485 2886 563 2932; x_wconf 91' lang='lat' dir='ltr'>quum</span> <span class='ocrx_word' id='word_1_280' title='bbox 574 2871 682 2929; x_wconf 86' lang='lat' dir='ltr'>advenis,</span> <span class='ocrx_word' id='word_1_281' title='bbox 697 2887 773 2917; x_wconf 91' lang='lat' dir='ltr'>unum</span> <span class='ocrx_word' id='word_1_282' title='bbox 786 2870 811 2917; x_wconf 95' lang='lat' dir='ltr'>id</span> <span class='ocrx_word' id='word_1_283' title='bbox 823 2876 862 2918; x_wconf 85' lang='lat' dir='ltr'>sat</span> <span class='ocrx_word' id='word_1_284' title='bbox 874 2879 914 2917; x_wconf 87' lang='lat' dir='ltr'>est</span> 
     </span>
     <span class='ocr_line' id='line_1_37' title="bbox 242 2932 865 2996; baseline 0.003 -16"><span class='ocrx_word' id='word_1_285' title='bbox 242 2932 314 2990; x_wconf 82' lang='lat' dir='ltr'>Quod</span> <span class='ocrx_word' id='word_1_286' title='bbox 325 2933 368 2981; x_wconf 90' lang='lat' dir='ltr'>dia</span> <span class='ocrx_word' id='word_1_287' title='bbox 380 2934 486 2982; x_wconf 89' lang='lat' dir='ltr'>vivendo</span> <span class='ocrx_word' id='word_1_288' title='bbox 497 2935 577 2981; x_wconf 83' lang='lat' dir='ltr'>multa</span> <span class='ocrx_word' id='word_1_289' title='bbox 589 2950 651 2996; x_wconf 83' lang='lat' dir='ltr'>quae</span> <span class='ocrx_word' id='word_1_290' title='bbox 663 2952 713 2982; x_wconf 92' lang='lat' dir='ltr'>non</span> <span class='ocrx_word' id='word_1_291' title='bbox 725 2935 779 2982; x_wconf 89' lang='lat' dir='ltr'>vult</span> <span class='ocrx_word' id='word_1_292' title='bbox 791 2935 865 2983; x_wconf 89' lang='lat' dir='ltr'>videt.</span> 
     </span>
    </p>
   </div>
   <div class='ocr_carea' id='block_1_6' title="bbox 148 3034 993 3239">
    <p class='ocr_par' dir='ltr' id='par_1_11' title="bbox 148 3034 993 3239">
     <span class='ocr_line' id='line_1_38' title="bbox 150 3034 993 3105; baseline 0.006 -20"><span class='ocrx_word' id='word_1_293' title='bbox 150 3035 184 3086; x_wconf 84' lang='lat' dir='ltr'>Et</span> <span class='ocrx_word' id='word_1_294' title='bbox 200 3034 287 3088; x_wconf 89' lang='lat' dir='ltr'>multe</span> <span class='ocrx_word' id='word_1_295' title='bbox 302 3037 416 3089; x_wconf 83' lang='lat' dir='ltr'>fortasse</span> <span class='ocrx_word' id='word_1_296' title='bbox 431 3052 501 3103; x_wconf 89' lang='lat' dir='ltr'>quae</span> <span class='ocrx_word' id='word_1_297' title='bbox 514 3036 588 3099; x_wconf 86' lang='lat' dir='ltr'>vult;</span> <span class='ocrx_word' id='word_1_298' title='bbox 606 3040 690 3105; x_wconf 90' lang='lat' dir='ltr'>atque</span> <span class='ocrx_word' id='word_1_299' title='bbox 705 3038 733 3089; x_wconf 94' lang='lat' dir='ltr'>in</span> <span class='ocrx_word' id='word_1_300' title='bbox 748 3036 904 3104; x_wconf 78' lang='lat' dir='ltr'>ecquidem</span> <span class='ocrx_word' id='word_1_301' title='bbox 921 3052 993 3103; x_wconf 82' lang='lat' dir='ltr'>quae</span> 
     </span>
     <span class='ocr_line' id='line_1_39' title="bbox 148 3110 992 3179; baseline 0.002 -20"><span class='ocrx_word' id='word_1_302' title='bbox 148 3121 199 3159; x_wconf 89' lang='lat' dir='ltr'>nen</span> <span class='ocrx_word' id='word_1_303' title='bbox 214 3110 272 3164; x_wconf 89' lang='lat' dir='ltr'>vult</span> <span class='ocrx_word' id='word_1_304' title='bbox 288 3127 368 3179; x_wconf 89' lang='lat' dir='ltr'>saepe</span> <span class='ocrx_word' id='word_1_305' title='bbox 385 3110 468 3163; x_wconf 87' lang='lat' dir='ltr'>etiam</span> <span class='ocrx_word' id='word_1_306' title='bbox 485 3111 668 3164; x_wconf 87' lang='lat' dir='ltr'>adolescentia</span> <span class='ocrx_word' id='word_1_307' title='bbox 683 3112 804 3166; x_wconf 86' lang='lat' dir='ltr'>incurrit.</span> <span class='ocrx_word' id='word_1_308' title='bbox 843 3110 915 3163; x_wconf 85' lang='lat' dir='ltr'>illud</span> <span class='ocrx_word' id='word_1_309' title='bbox 928 3128 992 3163; x_wconf 76' lang='lat' dir='ltr'>vore</span> 
     </span>
     <span class='ocr_line' id='line_1_40' title="bbox 148 3180 512 3239; baseline 0.014 -6"><span class='ocrx_word' id='word_1_310' title='bbox 148 3180 220 3235; x_wconf 89' lang='lat' dir='ltr'>idem</span> <span class='ocrx_word' id='word_1_311' title='bbox 233 3184 365 3239; x_wconf 75' lang='lat' dir='ltr'>Caecilius</span> <span class='ocrx_word' id='word_1_312' title='bbox 377 3185 512 3238; x_wconf 88' lang='lat' dir='ltr'>vitiosius:</span> 
     </span>
    </p>
   </div>
   <div class='ocr_carea' id='block_1_7' title="bbox 0 0 1130 3542">
    <p class='ocr_par' dir='ltr' id='par_1_12' title="bbox 0 0 1130 3542">
     <span class='ocr_line' id='line_1_41' title="bbox 0 0 1130 3542; baseline 0 0"><span class='ocrx_word' id='word_1_313' title='bbox 0 0 1130 3542; x_wconf 95' lang='lat' dir='ltr'> </span> 
     </span>
    </p>
   </div>
  </div>
 </body>
</html>
