2242 3542
679 2 932 119 amam.

298 168 388 216 CATO
405 166 538 215 MAJOR.
573 167 649 214 eAP.
668 166 730 214 XX.
749 167 828 215 XXI.
956 170 987 216 25

140 248 189 303 bus
200 250 256 317 suis
269 249 413 304 obstruere
425 248 578 315 voluerunt,
598 264 650 301 non
669 265 749 300 avum
766 252 845 302 tuum
864 248 894 301 L.
908 250 986 302 Paul·

139 328 193 379 lum
207 326 254 395 qui
266 329 354 379 morte
366 325 416 379 luit
429 324 547 391 collegae
558 324 587 376 in
600 323 735 377 Cannensi
746 324 895 391 ignominia
905 329 988 379 tenre-

138 404 257 468 ritatem,
269 418 322 453 non
337 402 374 455 M.
388 400 548 453 Marcellum
565 400 643 467 cujus
657 400 799 453 interitum
812 417 847 453 ne
859 400 987 455 crudelis-

139 475 227 531 simus
241 477 352 545 quidem
372 477 458 531 hostis
479 476 581 529 honore
601 476 758 544 sepulturae
777 493 871 530 carere
891 494 988 545 passus

108 563 113 572 “
138 558 187 619 est,
201 554 249 606 sed
262 553 384 621 legiones
399 556 513 618 nostras,
529 552 603 620 quod
615 552 709 620 scripsi
727 552 756 604 in
775 551 941 620 Originibus,
959 554 986 606 in

136 646 199 681 eum
212 644 293 697 saepe
305 629 393 682 lecum
405 629 540 697 profectas
553 628 635 681 alacri
652 629 742 681 animo
754 633 785 683 et
797 633 896 698 erecto,
913 630 987 683 unde

136 721 166 758 se
177 722 315 774 nunquam
327 705 465 759 redituras
477 704 684 757 arbitrarentur.
722 704 802 768 Quod
818 706 904 773 igitur
922 705 987 757 ado-

136 781 239 835 lescent
227 785 269 834 tes
293 782 363 834 etii
383 781 494 849 quidem
518 796 573 832 non
596 781 684 833 solum
708 781 810 835 indocti
832 782 985 835 sedetiam

135 858 230 911 rustici
253 861 437 924 contemnunt,
457 858 487 910 id
504 857 578 910 docti
602 874 680 910 senes
701 874 736 910 ex
738 858 900 911 itmeseentl
944 862 983 915 76.

137 932 259 1002 Omnino,
281 937 312 986 ιιι
300 934 397 986 tmihi
418 932 530 1001 quidem
552 932 670 997 videtur,
692 934 844 987 studiorum
865 934 984 996 omnium

136 1010 248 1063 satietas
268 1010 341 1063 vitae
362 1010 427 1063 lacit
452 1010 617 1063 satietatem.
660 1009 730 1063 Sunt
751 1011 885 1077 pueritiae
910 1014 1005 1112 certa*

135 1086 242 1139 studia:
262 1102 327 1137 num
344 1086 428 1153 igitur
447 1102 479 1139 ea
497 1085 657 1139 desiderant
674 1085 879 1139 adolescentes?
916 1086 985 1140 Sunt

135 1161 253 1214 ineuntis
272 1160 486 1215 adolescentiae:
504 1178 570 1213 num
591 1178 624 1214 ea
644 1165 771 1215 constans
787 1162 847 1230 jam
866 1163 985 1231 requirit

135 1241 211 1290 aetas
229 1254 299 1305 quae
317 1237 409 1290 media
427 1237 545 1291 dicitur?
582 1237 651 1290 Sunt
669 1238 753 1291 etiarn
770 1237 852 1305 hujus
869 1239 984 1293 aetatis:

135 1318 170 1365 he
187 1328 220 1365 ea
238 1312 351 1381 quidem
364 1317 534 1381 quaeruntur
545 1313 573 1365 in
586 1318 736 1367 senectute.
772 1314 842 1367 Sunt
860 1317 985 1367 extrema

62 1396 81 1418 ·’
134 1386 269 1456 quaedam
287 1388 378 1442 studia
396 1389 560 1442 senectutis:
586 1406 652 1457 ergo
670 1394 702 1441 ut
720 1391 890 1457 superiorum
908 1394 981 1443 acta-

135 1467 194 1517 tum
224 1464 315 1518 studia
341 1464 477 1531 occidunt,
502 1465 540 1517 sic
566 1465 692 1518 occidunt
718 1467 800 1519 etiam
828 1467 987 1519 senectutis.

136 1540 214 1606 Quod
227 1557 311 1608 quum
323 1540 421 1607 evenit,
434 1541 547 1593 satietas
559 1541 632 1594 vitae
644 1545 753 1609 tempus
764 1545 902 1595 maturum
912 1559 983 1595 mor-

136 1616 271 1669 tisaffert

187 1692 265 1745 XXI.
292 1696 331 1749 77.
351 1691 487 1761 Equidem
499 1710 552 1745 non
565 1694 644 1747 video
656 1711 704 1747 cur
716 1712 763 1763 qur
755 1695 802 1747 ἱἰι
795 1711 854 1761 ipse
866 1694 983 1747 sentiam

134 1768 170 1821 de
182 1771 270 1821 morte
282 1785 335 1822 non
349 1768 464 1821 audeam
476 1769 553 1822 vobis
567 1770 666 1835 dicere,
679 1769 753 1839 quod
764 1788 796 1823 ιο
809 1770 905 1823 melius
917 1770 983 1822 mihi

134 1861 245 1897 cernere
261 1844 324 1897 vid
314 1861 356 1896 or
368 1860 423 1911 quo
437 1844 472 1897 ab
489 1861 521 1897 ea
536 1846 648 1913 propius
664 1846 767 1899 absum
803 1847 861 1914 Ilgo
878 1850 983 1899 vestros

67 1924 69 1932 '
134 1923 235 1987 patres,
250 1920 278 1973 P.
292 1920 387 1987 Scipio,
401 1921 532 2007 tuquoO.
546 1920 630 1988 Laeli,
642 1922 889 1975 virosclarissimos
904 1922 983 1974 mihi

134 2012 188 2064 que
206 1996 382 2048 amicissimos
401 1996 492 2048 vivere
512 1996 686 2063 arbitror‚t
657 2001 686 2051 ιι
698 2014 758 2052 eam
771 1997 882 2066 quidem
898 1998 981 2050 vitam

135 2087 205 2138 quae
218 2074 260 2125 est
273 2071 329 2124 sola
341 2071 398 2123 vita
409 2071 580 2124 nominanda
618 2073 688 2125 Nam
702 2072 767 2125 duur
786 2090 877 2126 sumus
895 2074 923 2125 in
940 2073 983 2126 his

133 2146 231 2199 inclusi
243 2146 419 2215 compagibus
431 2148 559 2213 corporis,
577 2165 690 2201 munere
708 2149 826 2216 quodam
838 2149 981 2202 necessita

90 2270 93 2274 .
133 2223 171 2275 tis
184 2227 212 2275 et
224 2222 301 2289 gravi
314 2238 396 2289 opere
408 2221 603 2290 perfungimur.
622 2224 672 2277 Est
682 2225 754 2276 enim
767 2224 872 2276 animus
884 2224 981 2277 caeles

133 2300 171 2353 tis
190 2315 223 2351 ex
242 2296 524 2350 altissimodomieilio
541 2298 687 2368 depressus
705 2303 734 2355 et
751 2299 829 2370 quasi
841 2300 982 2353 demersus

133 2374 161 2427 in
174 2378 284 2439 terram,
297 2373 385 2425 locum
398 2372 506 2428 divinae
518 2380 631 2428 naturae
647 2376 874 2446 aeternitatique
877 2380 981 2431 contra—

134 2452 212 2504 rium
249 2450 304 2504 Sed
321 2449 403 2503 credo
420 2450 485 2503 deos
500 2451 667 2505 immortales
683 2453 815 2520 sparsisse
833 2452 936 2505 animos
954 2454 981 2506 ir

134 2543 248 2595 corpora
261 2526 422 2579 humanat
390 2530 422 2579 ut
435 2531 527 2581 essent
540 2529 587 2595 qui
604 2532 693 2584 terras
711 2533 861 2592 tuerentur,
880 2529 1003 2613 quique

134 2603 290 2656 caelestium
319 2602 443 2655 ordinem
470 2605 687 2672 contemplantes
716 2605 890 2659 imitarentur
918 2615 1003 2667 euni]

137 2679 206 2732 vitae
223 2678 351 2731 modot
322 2682 406 2747 atque
422 2683 499 2733 const
500 2684 547 2733 ant
548 2680 581 2734 ia.
618 2681 644 2733 N
646 2698 677 2734 ee
695 2697 739 2733 me
758 2681 844 2734 solnm
862 2681 932 2735 ratio
950 2698 980 2734 ac

135 2754 284 2823 disputatio
302 2753 412 2822 impulit
423 2758 455 2808 ut
467 2756 506 2808 ita
518 2757 667 2823 crederem,
685 2755 734 2809 sed
752 2756 880 2809 nobilitas
898 2758 980 2811 etiam

134 2827 300 2883 'sirmmorum
321 2830 541 2899 philosophorum
561 2836 591 2885 ιι
614 2832 768 2887 auctoritas.
814 2838 853 2889 78.
879 2833 980 2885 Audic-

135 2908 197 2959 barn
220 2907 401 2975 Pythagoram
424 2908 673 2978 Pythagoreosque,
694 2909 796 2962 incolas
815 2926 901 2977 paene
920 2926 979 2962 nos

133 2988 198 3049 tros,
221 2984 378 3052 quiessent
400 2983 487 3037 Italici
511 2985 664 3053 philosophi
683 2984 820 3054 quondam
841 2986 980 3050 nominati,

135 3076 271 3129 nunquam
284 3059 424 3112 dubitasse
437 3060 503 3127 quin
522 3077 556 3113 ex
567 3060 695 3113 universa
706 3063 799 3115 mento
811 3060 904 3112 divina
913 3060 989 3120 deli-;

134 3136 212 3190 batos
229 3137 331 3189 animos
342 3136 513 3190 haberemus.
550 3136 813 3192 Demonstrabantur
825 3135 891 3187 mihi
903 3152 980 3203 prae-

133 3217 210 3267 tcrea
222 3228 292 3275 quae
305 3214 429 3267 Socrates
442 3228 569 3277 supremo
586 3212 658 3266 vitae
670 3211 715 3264 die
727 3211 762 3264 dc
774 3210 991 3273 immortalitate=

1029 1976 1047 2026 ι
