2242 3542
112 170 159 217 186
328 184 333 194 ·
424 167 474 216 DE
491 166 643 217 OFFICIIS

110 252 265 321 superiores
280 250 411 305 utilitatis
426 250 533 321 speeies
547 250 617 303 falsa
636 251 671 303 ab
687 251 842 304 honestatis
860 256 955 306 aucto-

109 333 192 385 ritate
211 336 340 402 superata
356 337 404 387 est.
443 335 503 386 110.
517 332 580 385 “At
596 348 653 384 non
672 332 771 384 debuit
787 338 954 403 ratumesse

110 415 188 481 quod
204 420 262 465 erat
280 421 374 465 aetum
389 430 439 482 per
452 413 535 466 vim.’'
572 412 659 479 Quasi
673 429 739 465 vero
754 412 821 465 forti
837 413 897 466 viro
912 414 956 467 vis

109 494 198 562 possit
216 494 351 547 adhiberi.
390 495 470 547 “Cur
488 493 576 563 igitur
598 494 633 546 ad
654 498 781 547 senatum
799 494 955 564 proficisce-

109 575 199 641 batur,
213 591 277 627 cum
292 574 454 643 praesertim
469 576 505 627 de
518 574 639 644 captivis
655 575 830 628 dissuasurus
846 578 954 629 essetl’'

109 656 194 721 Quod
218 655 371 708 maximum
395 655 426 707 in
449 672 483 708 eo
504 660 559 722 cst,
582 655 614 707 id
638 656 849 725 reprehenditis.
888 658 954 709 Non

109 737 184 787 enim
202 752 252 787 suo
271 736 377 788 iudicio
397 734 482 804 stetit,
496 737 546 789 sed
561 736 684 805 suscepit
702 752 821 804 causam,
835 742 867 789 11
882 743 954 790 esset

109 816 246 868 iudicium
261 825 387 869 senatus:
406 816 454 868 eui
468 815 524 868 nisi
537 816 598 885 ipse
617 822 715 869 auctor
728 816 833 884 fuisset,
847 818 955 887 captivi

108 896 236 965 profecto
251 896 354 949 Poenis
371 895 478 949 redditi
495 902 593 951 essent.
631 898 676 950 Ita
694 896 843 950 incolumis
861 898 891 951 11
905 915 954 967 pa-

109 977 162 1029 tria
177 978 303 1047 Regulus
318 976 474 1031 restitisset.
512 978 596 1044 Quod
612 978 677 1046 quia
691 978 798 1047 patriae
813 996 870 1031 non
884 980 953 1032 utile

108 1058 229 1126 putavit,
243 1058 350 1110 idcireo
369 1058 424 1110 sibi
443 1059 593 1111 honestum
612 1064 641 1110 et
659 1058 761 1111 sentire
780 1058 830 1112 illa
848 1063 876 1112 et
893 1059 954 1129 pati

109 1138 238 1191 eredidit.
276 1140 349 1192 Nam
370 1140 448 1206 quod
468 1140 555 1208 aiunt,
571 1140 650 1207 quod
667 1140 752 1193 valde
771 1140 840 1193 utile
862 1140 906 1207 sit,
921 1140 954 1193 id

108 1219 168 1271 fieri
185 1220 343 1286 honestum,
356 1218 443 1271 immo
461 1236 527 1274 vero
547 1236 613 1287 esse,
629 1236 687 1272 nen
705 1220 772 1274 fieri.
809 1222 860 1273 Est
878 1220 954 1273 enim

109 1299 181 1351 nihil
200 1299 269 1352 utile
285 1300 363 1368 quod
377 1300 454 1352 idem
471 1317 530 1353 non
547 1302 704 1369 honestum,
718 1317 777 1369 nce,
792 1301 858 1369 quia
876 1301 952 1369 utile,

109 1381 267 1447 honestum,
278 1382 336 1450 sed,
347 1382 413 1449 quia
428 1382 583 1449 honestum,
598 1382 675 1435 utile.
713 1383 775 1448 Qua
790 1399 818 1434 re
835 1398 869 1434 ex
884 1382 954 1434 mul-

109 1461 146 1513 tis
165 1461 340 1527 mirabilibus
358 1462 495 1531 exemplis
510 1463 589 1515 haud
604 1462 687 1515 facile
702 1462 765 1531 quis
780 1462 884 1515 dixerit
899 1462 954 1515 lioc

109 1543 238 1609 exemplo
251 1548 300 1593 aut
312 1542 483 1595 laudabilius
495 1548 545 1595 aut
555 1543 750 1613 praestantius.

144 1623 249 1676 XXXI.
288 1624 347 1675 111.
368 1623 423 1675 Sed
443 1640 478 1676 ex
496 1629 557 1676 tota
575 1624 629 1676 hae
648 1624 731 1676 laude
746 1622 848 1693 Reguli
865 1638 953 1676 unum

108 1701 182 1755 illud
197 1708 240 1753 est
254 1702 440 1755 admiratione
455 1703 582 1772 dignum,
597 1705 675 1771 quod
690 1704 817 1773 captivos
834 1704 953 1756 retinen·

109 1784 162 1835 dos
181 1782 297 1835 censuit.
335 1784 410 1835 Nam
429 1785 507 1852 quod
525 1784 612 1837 rediit
630 1784 712 1837 nobis
731 1800 807 1837 nunc
826 1785 954 1837 mirabile

109 1864 230 1930 videtur,
239 1863 298 1916 illis
312 1864 429 1931 quidem
443 1866 618 1935 temporibus
634 1865 715 1919 aliter
727 1865 817 1918 faeere
833 1882 891 1919 non
905 1882 954 1935 pc-

108 1944 172 2000 tnit.
209 1946 308 2014 Itaque
319 1944 375 1997 ista
387 1946 448 1997 laus
461 1962 517 1998 non
531 1952 574 1999 est
587 1946 717 2013 hominis,
727 1947 777 1999 sed
786 1951 953 2016 temporum.

109 2026 227 2078 Nullum
245 2026 321 2078 enim
338 2025 484 2078 vinculum
503 2027 541 2079 ad
559 2027 772 2096 astringendam
790 2026 875 2079 fidem
894 2027 954 2079 iure

109 2106 228 2160 iurando
248 2106 367 2159 maiores
389 2106 476 2159 artius
496 2123 553 2159 esse
572 2108 731 2163 voluerunt.
768 2108 803 2161 Id
825 2108 955 2161 indicant

109 2188 185 2256 leges
199 2188 230 2239 in
244 2187 397 2240 duodecim
411 2188 523 2257 tabulis,
537 2188 666 2241 indicant
681 2194 812 2256 sacratae,
826 2188 955 2242 indicant

108 2266 229 2336 foedera,
238 2268 342 2335 quibus
356 2268 441 2321 etiam
452 2284 515 2321 cum
529 2270 609 2321 hoste
623 2269 782 2323 devincitur
793 2270 871 2338 fides,
881 2270 955 2323 indi-

109 2355 175 2401 cant
188 2348 318 2401 notiones
337 2349 648 2418 animadversionesque
665 2366 817 2418 censorum,
831 2350 881 2420 qui
894 2352 955 2403 nul-

109 2430 137 2481 la
150 2430 185 2481 de
201 2444 230 2479 re
243 2427 410 2496 diligentius
423 2446 507 2497 quam
521 2431 557 2482 de
573 2430 631 2483 iure
647 2430 766 2484 iurando
781 2432 954 2484 iudicabant.

110 2511 169 2562 112.
188 2510 219 2561 L.
233 2508 339 2560 Manlio
354 2508 388 2563 A.
397 2510 438 2577 F,
448 2525 513 2561 cum
529 2511 652 2563 dictator
666 2512 770 2579 fuisset,
783 2512 821 2566 M.
835 2514 956 2581 Pompo·

109 2589 172 2641 nius
190 2588 430 2658 tribunusplebis
448 2590 522 2643 diem
543 2590 625 2660 dixit,
639 2593 716 2660 quod
734 2592 759 2645 11
777 2608 882 2662 paucos
900 2592 955 2645 sibi

110 2670 171 2723 dics
189 2672 227 2723 ad
242 2670 412 2725 dictaturam
429 2672 582 2741 gerendam
602 2673 774 2727 addidisset:
791 2674 955 2726 criminaba-

109 2755 156 2803 tur
177 2750 270 2819 etiam‚
286 2753 363 2820 quod
384 2753 415 2807 Τ.
428 2752 525 2820 filium,
545 2752 596 2820 qui
615 2762 712 2822 postea
733 2759 775 2807 est
794 2756 952 2823 Torquatus

110 2832 276 2900 appellatus,
292 2832 327 2885 ab
348 2832 510 2886 hominibus
530 2834 681 2901 relegasset
702 2839 730 2885 et
751 2835 808 2887 ruri
829 2834 956 2887 habitare

110 2910 241 2965 iussisset.
280 2912 364 2977 Quod
383 2929 447 2965 eum
466 2914 621 2967 audivisset
640 2915 802 2970 adolescens
816 2915 891 2967 filius
908 2931 956 2967 nc·

109 2991 220 3059 gotium
237 2992 364 3045 exhiberi
378 2994 461 3062 patri,
474 2995 624 3047 accurrisse
640 2996 759 3049 Romam
778 3002 806 3048 ct
821 3012 886 3049 cnm
901 2995 955 3065 pii·

110 3085 156 3122 ma
169 3071 232 3124 luce
246 3073 398 3141 Pomponii
412 3074 529 3127 domum
543 3076 652 3131 venisse
668 3076 780 3130 dicitur.
819 3078 871 3130 (lui
890 3094 956 3133 cum

110 3156 182 3207 11111
200 3151 373 3221 nunciatum,
389 3154 439 3222 qui
457 3154 540 3208 illum
561 3156 664 3209 iratum
687 3158 850 3213 adlaturum
869 3158 907 3213 ad
925 3174 955 3215 se
