2242 3542
122 180 168 229 168
432 182 482 231 Du
498 182 651 232 OFFICIIS

120 270 191 318 esset
204 271 235 317 ut
245 266 419 335 argentarius
431 267 507 336 apud
521 282 617 319 omnes
629 264 742 318 ordines
754 242 900 339 gratiosae,
908 264 961 336 pis·

120 354 228 399 catores
243 348 280 400 ad
293 363 322 399 sc
337 347 502 400 convocavit
515 351 543 399 et
558 347 595 399 ab
607 346 642 398 iis
654 346 764 416 petivit,
775 351 806 399 01
819 351 883 400 ante
899 363 963 400 suos

120 428 248 481 hortulos
257 428 393 497 postridie
404 428 585 497 piscarentur,
595 427 723 495 dixitque
734 427 804 496 quid
817 443 864 481 eos
873 427 963 481 facere

120 510 213 562 vellet.
250 509 297 561 Ad
315 526 414 561 cenam
432 514 557 578 tempore
576 508 654 561 venit
673 508 790 561 Gauius:
810 508 926 578 opipare
947 524 964 561 a

120 590 226 657 Pythio
245 595 411 659 apparatum
430 589 599 654 convivium,
613 589 774 657 cymbarum
789 594 853 642 ante
868 589 964 642 oculos

120 668 284 737 multitudo,
292 687 344 740 pro
356 686 385 723 se
397 670 515 738 quisque
525 669 603 737 quod
614 674 727 739 ceperat
739 669 890 735 adferebat,
899 676 965 723 ante

70 767 72 771 ’
120 752 207 821 pedes
222 751 319 821 Pythii
336 751 427 821 pisces
445 751 656 805 abiicicbautur.
694 754 736 804 59.
757 752 829 803 Tum
847 750 963 803 Gauius:

121 835 137 862 “
147 834 257 899 Quaeso
265 834 280 861 ”
300 832 401 901 iuquit,
421 834 436 861 “
446 832 515 900 quid
540 836 582 883 est
604 832 665 899 lroc,
687 831 793 899 Pythii
818 826 964 883 tantumne

122 913 241 982 piscium
252 915 263 966 1
282 918 429 966 tantumne
442 912 604 980 cymbarum
614 913 640 965 1”
677 913 715 963 Ε1
724 906 787 964 ille:
801 911 902 978 “Quid
915 912 965 963 uri-

122 1011 183 1047 rum
192 997 220 1048 1”
239 994 340 1063 iuquit,
357 997 372 1022 “
381 995 435 1046 hoc
455 995 519 1046 loco
539 999 581 1046 est
601 992 743 1061 Syracusis
761 992 901 1062 quidquid
924 999 965 1046 est

122 1075 250 1145 piscium,
259 1076 306 1127 hic
316 1071 501 1143 aquatio,lrac
510 1075 579 1129 villa
590 1074 639 1126 isti
652 1089 743 1127 carcre
756 1090 813 1126 non
823 1076 965 1143 possunt.’'
981 1126 986 1137 ,

122 1157 255 1209 Incensus
268 1156 372 1208 Canius
385 1155 541 1224 cupiditate
555 1154 703 1207 contendit
714 1170 731 1206 a
742 1154 847 1222 Pythio
860 1158 892 1207 ut
901 1170 966 1206 ven-

122 1236 209 1291 deret.
247 1237 367 1289 Gravate
389 1236 438 1287 1110
458 1235 557 1304 primu.
597 1235 674 1301 Quid
693 1236 800 1288 multat
824 1235 964 1305 impetrat.

123 1317 200 1369 Emit
214 1317 299 1369 homo
318 1316 440 1386 cupidus
458 1322 486 1369 et
501 1316 627 1385 locuples
642 1316 715 1369 tanti
731 1316 830 1383 quanti
845 1317 966 1385 Pythius

123 1398 214 1450 voluit
238 1403 267 1450 01
291 1397 359 1450 emit
382 1398 541 1451 instructos.
578 1396 701 1449 Nomina
725 1396 801 1465 facit,
821 1398 966 1467 negotium

124 1478 244 1532 conficit.
282 1479 388 1531 Invitat
401 1478 504 1530 Canius
517 1477 655 1546 postridie
667 1476 818 1530 familiares
834 1494 906 1545 suos,
921 1496 967 1531 ve·

124 1559 167 1611 uit
185 1559 245 1629 ipse
264 1564 379 1624 mature,
393 1560 526 1611 scalmum
546 1560 655 1610 nullum
675 1558 760 1612 videt.
798 1558 914 1623 Quaerit
932 1575 966 1612 ex

123 1640 253 1709 proximo
271 1639 366 1691 vicino
386 1655 452 1691 num
471 1639 555 1691 feriae
574 1639 712 1705 quaedam
734 1639 906 1707 piscatorum
927 1657 966 1692 es·

124 1728 193 1787 seut,
207 1721 283 1788 quod
300 1736 347 1771 eos
361 1720 452 1771 nullos
467 1719 581 1772 videret.
621 1722 636 1749 ‘⁸
647 1721 675 1772 N
677 1721 748 1772 01100
764 1721 841 1789 quod
856 1721 965 1786 sciam,'’

124 1804 226 1872 inquit,
238 1802 311 1854 “sed
325 1801 372 1853 hic
387 1800 488 1869 piscari
504 1800 578 1852 nulli
593 1802 691 1855 solent.
729 1802 829 1870 Itaque
841 1802 902 1853 heri
917 1802 966 1854 mi·

124 1886 206 1939 rabar
224 1884 293 1953 quid
313 1881 487 1935 accidisset.’'
524 1884 567 1935 60.
588 1882 762 1934 Stomachari
779 1882 897 1936 Canius:
917 1884 967 1936 sed

125 1967 194 2035 quid
209 1966 331 2018 10001011
368 1963 502 2016 Nondum
521 1962 596 2014 enim
611 1963 742 2031 Aquilius
758 1964 866 2032 collega
877 1970 913 2017 'et
928 1963 967 2016 fa·

124 2047 241 2099 miliaris
261 2062 338 2099 meus
357 2045 511 2115 protulerat
530 2043 567 2095 de
587 2044 654 2095 dolo
677 2044 750 2095 malo
771 2042 917 2097 formulas:
937 2046 967 2096 in

117 2128 227 2196 ‚quibus
243 2128 312 2197 ipsis
330 2144 393 2179 cum
413 2142 447 2178 ex
467 2141 500 2177 00
516 2130 695 2192 quaereretur
710 2124 780 2202 quid
799 2129 871 2177 esset
886 2125 968 2177 dolus

124 2210 221 2274 malus,
234 2208 431 2277 respondebat,
445 2222 508 2258 cum
526 2209 598 2257 esset
614 2204 690 2257 aliud
707 2204 874 2272 simulatum,
888 2205 968 2259 aliud

125 2294 226 2341 actum.
263 2290 326 2340 Hoc
336 2289 451 2357 quidem
464 2302 529 2339 saue
543 2286 692 2351 luculente,
703 2291 734 2338 ut
747 2286 783 2337 ab
795 2286 908 2338 homine
920 2302 968 2355 pe-

125 2367 179 2419 rito
193 2368 352 2420 definiendi.
390 2370 466 2437 Ergo
478 2373 507 2420 et
516 2366 636 2433 Pythius
649 2372 676 2419 et
689 2382 785 2417 omues
797 2365 874 2419 aliud
885 2382 968 2435 agen-

124 2453 174 2513 tes,
185 2448 263 2500 aliud
279 2448 442 2500 simulantes
457 2447 566 2516 perfidi,
577 2446 707 2516 improbi,
720 2446 861 2501 malitiosi.
898 2448 926 2499 N
928 2449 968 2499 01-

125 2530 183 2582 lum
195 2529 284 2599 igitur
298 2545 393 2581 corum
406 2528 512 2580 factum
524 2534 619 2597 potest
633 2527 702 2579 utile
719 2544 784 2595 0000,
796 2544 859 2579 cum
874 2527 912 2580 sit
925 2534 968 2581 tot

124 2610 202 2663 vitiis
214 2610 401 2679 inquinatum.

159 2693 221 2747 XV.
259 2694 302 2745 61.
319 2691 403 2757 Quod
423 2689 447 2742 si
465 2689 615 2758 Aquiliana
635 2688 761 2742 definitio
780 2706 845 2742 vera
868 2694 917 2756 est,
933 2680 968 2741 eir

125 2773 201 2824 omni
213 2771 273 2824 vita
285 2771 426 2824 simulatio
439 2770 682 2838 dissimulatioque
696 2771 822 2823 tollenda
837 2774 887 2824 est.
925 2772 969 2823 Ita

124 2868 184 2914 000,
197 2856 229 2904 01
247 2858 321 2904 emat
339 2851 445 2916 melius,
462 2867 513 2903 000
533 2856 566 2902 01
583 2850 695 2916 vendat,
710 2850 867 2917 quidquam
886 2850 968 2902 simu·

125 2931 196 2982 labit
218 2937 266 2984 aut
285 2930 474 2983 dissimulabit
493 2924 655 2983 virbonus.
694 2931 788 2997 Atque
810 2930 863 2983 iste
886 2931 969 2983 dolus

124 3010 213 3061 malus
231 3015 259 3061 et
275 3009 386 3078 legibus
404 3015 463 3061 erat
478 3010 647 3074 vindicatus,
661 3013 694 3061 ut
708 3012 798 3062 tutela
816 3010 968 3063 duodecim

123 3088 235 3155 tabulis,
254 3089 476 3159 circumscriptio
498 3088 718 3141 adolescentium
740 3090 801 3158 lege
820 3090 968 3158 Plaetoria,

123 3170 152 3214 et
165 3166 224 3218 sine
239 3169 300 3236 lege
315 3167 436 3229 iudiciis,
447 3168 475 3220 iu
490 3167 592 3234 quibus
607 3167 730 3233 additur,
741 3182 781 3218 ax
794 3182 866 3221 arun
878 3184 966 3224 Bous.
