2242 3542
102 146 148 193 190
404 140 454 189 DE
472 139 633 190 OFFICIIS.

101 229 218 281 buamus
244 224 354 295 aliquid
377 225 526 293 voluptati,
547 223 722 277 condimenti
745 223 861 277 fortasse
885 239 941 277 non

100 309 180 375 nihil,
193 307 324 361 utilitatis
343 311 416 359 certe
434 306 506 358 nihil
525 304 649 358 habebit.
830 358 832 361 ,

137 393 196 443 121.
216 390 311 441 Habes
335 404 352 439 a
375 393 455 456 patre
479 402 588 454 munus,
610 386 703 438 Marce
727 386 775 455 fili,
798 404 860 442 mea
884 390 944 458 qui-

101 474 166 525 dem
181 469 318 523 sententia
333 484 474 537 magnum,
485 468 535 519 sed
547 466 663 536 perinde
679 466 739 532 erit,
750 474 783 519 ut
795 472 941 540 acceperis.

101 554 276 620 Quamquam
294 550 326 601 hi
343 548 396 601 tibi
416 554 471 601 tres
488 548 553 600 libri
572 548 645 601 inter
660 548 788 620 Cratippi
807 569 944 607 commen-

101 634 187 687 tarios
205 638 348 701 tamquam
367 631 492 701 hospites
513 636 594 683 erunt
613 630 776 703 recipiendi,
792 636 849 704 scd,
866 644 905 705 ut,
921 638 944 690 si

101 715 160 785 ipse
182 714 319 767 venissem
341 714 473 781 Athenas,
494 714 571 782 quod
597 714 711 782 quidem
738 722 808 771 esset
830 718 943 785 factum,

101 796 156 849 nisi
169 813 214 848 me
227 797 348 850 emedio
361 815 442 852 cursu
455 803 529 853 clara
538 817 608 853 voce
621 802 713 871 patria
725 805 888 869 revocasset,
897 800 944 852 ali-

102 881 216 948 qnando
234 898 279 933 me
295 897 407 950 quoque
426 882 545 949 audires,
558 882 606 950 sic,
620 882 754 951 quoniam
768 880 813 934 his
828 880 944 934 volumi-

102 962 185 1014 nibus
200 963 238 1014 ad
249 967 278 1014 te
292 962 418 1031 profecta
430 980 486 1015 vox
501 968 543 1016 est
554 980 624 1032 mea,
633 964 741 1017 tribues
756 962 800 1015 his
811 962 945 1030 temporis

34 1039 38 1045 '
102 1047 238 1109 quantum
251 1043 365 1112 poteris,
374 1045 481 1113 poteris
496 1050 590 1098 antem
603 1050 740 1113 quantum
752 1045 836 1097 voles.
875 1044 945 1095 Cum

102 1141 167 1176 vero
182 1124 346 1179 intellexero
362 1133 390 1179 te
405 1129 460 1181 hoc
478 1127 610 1180 scientiae
626 1142 726 1197 genere
741 1126 871 1195 gaudere,
885 1129 946 1177 tum

103 1212 132 1257 11
143 1221 273 1275 praesens
286 1212 379 1261 tecum
390 1209 564 1279 propediem,
573 1214 605 1261 ut
618 1224 706 1277 spero,
717 1212 752 1276 et,
763 1207 831 1259 dum
847 1206 944 1274 aberis,

104 1288 203 1343 absens
223 1291 329 1359 loquar.
367 1292 437 1345 Vale
457 1290 553 1361 igitur,
574 1289 612 1343 mi
631 1290 735 1357 cicere,
755 1288 864 1357 tibique
885 1303 946 1356 pcr-

104 1372 191 1423 suade
204 1388 262 1424 esse
274 1376 303 1425 te
316 1371 432 1440 quidem
444 1371 513 1424 mihi
528 1370 709 1436 carissimum,
722 1370 772 1422 sed
784 1370 874 1421 multo
887 1366 944 1421 fore

104 1452 245 1522 cariorem,
262 1452 287 1504 si
304 1452 409 1505 talibus
426 1451 614 1509 monumentis
631 1449 843 1523 praeceptisque
863 1450 942 1505 laeta

105 1532 177 1589 bere.
