2242 3542
423 24 994 122 misqewqahoaewc

265 164 355 211 CATO
376 160 506 209 MAJOR.
542 160 620 209 CAP.
640 160 732 209 XVII.
751 159 858 208 XVIII.
960 165 989 211 21

137 243 265 299 laudibus
276 241 396 295 omnium
410 246 483 294 esset
495 240 568 295 lama
579 244 760 293 consentiens.
797 240 885 304 Quem
901 241 990 296 v'iruru

136 337 224 389 nuper
244 319 274 372 P.
287 318 415 371 Crassum
434 313 777 381 Pontificem'Maximum,
795 334 876 385 quem
896 325 990 387 postea

115 395 117 400 ’
136 398 173 451 Μ.
183 395 318 465 Lepidum
327 394 424 447 eodem
433 393 588 447 sacerdotio
596 394 894 462 praeditumvidimus!
919 397 990 460 Quid

135 474 170 527 de
183 471 279 526 Paullo
292 474 341 523 aut
356 469 488 523 Africano
497 470 606 539 loquar,
618 475 667 523 aut
678 474 709 523 ut
717 469 776 538 jam
789 475 854 526 ante
866 473 902 527 de
914 473 990 527 Max-

134 550 206 609 imel
225 564 341 617 querum
353 563 408 600 non
420 546 450 599 iu
464 549 602 601 sententia
613 547 707 611 selum,
719 548 769 601 scd
785 549 868 602 etiam
880 549 908 602 in
920 555 990 603 nutu

135 624 274 679 residebat
295 624 451 677 auctoritas.
491 623 586 677 Habet
605 627 739 692 senectus,
760 625 892 679 honorata
912 643 990 695 prae-

136 702 239 768 sertim,
248 704 355 755 tentam
370 700 561 754 auctoritatem
571 703 604 753 nt
616 716 649 753 ca
660 700 747 768 pluris
759 699 797 754 sit
805 718 888 769 quam
897 718 990 756 omnes
1006 657 1011 790 l

137 777 339 831 adolescentiae
352 776 516 845 voluptates.

188 853 303 907 XVIII.
334 858 373 906 62.
400 852 455 905 Sed
472 853 501 905 in
519 853 593 905 omni
608 853 730 907 emtione
748 859 914 909 mementote
928 872 988 908 eam

138 947 181 983 me
194 933 362 983 senectutem
378 928 492 981 laudare
505 945 576 996 qnae
590 929 776 982 fundamentis
790 930 989 985 adolescentiae

64 1028 66 1034 ’
137 1007 286 1059 constituta
312 1005 355 1059 sit.
394 1004 435 1056 Ex
460 1020 513 1072 quo
533 1004 649 1057 efficitur
672 1004 702 1056 id
721 1005 796 1072 quod
819 1022 869 1073 ege
891 1023 989 1074 magno

94 1150 98 1157 .
138 1082 275 1149 quendam
295 1097 356 1134 eum
374 1097 486 1134 assensu
504 1080 624 1134 emnium
643 1080 708 1147 dixi,
728 1080 858 1134 Miseram
873 1099 933 1135 esse
949 1099 1010 1162 sep

137 1163 275 1213 nectutem
293 1174 362 1227 quae
378 1174 407 1211 se
426 1158 548 1211 emtione
564 1156 734 1212 defenderet.
771 1158 833 1211 Non
850 1159 917 1226 cani,
935 1176 988 1212 non

139 1250 221 1302 rugae
240 1237 353 1303 repente
372 1234 566 1287 auctoritatem
584 1233 706 1302 arripere
723 1238 853 1303 pessunt;
877 1236 926 1289 sed
944 1235 990 1288 he

140 1314 218 1364 ueste
235 1314 297 1365 acta
315 1309 438 1378 superior
457 1312 531 1363 aetas
549 1309 654 1362 fructus
672 1310 746 1378 capit
761 1311 931 1380 auctoritatis
945 1329 989 1364 cx-

139 1391 247 1449 tremes.
293 1392 333 1441 63.
365 1386 442 1439 Haec
466 1387 538 1441 enim
563 1387 622 1455 ipsa
646 1391 710 1440 sunt
733 1387 901 1440 honorabilia
920 1405 989 1456 quae

57 1500 63 1512 .
140 1463 266 1517 videntur
280 1462 351 1515 levia
365 1466 449 1530 atque
461 1463 620 1525 communia,
636 1462 757 1529 salutari,
772 1464 872 1531 appeti,
886 1464 989 1530 decedi,

138 1540 252 1606 assurgi,
265 1539 373 1605 deduci,
387 1537 490 1605 reduci,
503 1537 622 1601 consuli;
640 1554 713 1606 quae
727 1542 755 1591 et
767 1538 841 1606 apud
855 1556 904 1593 uos
918 1544 947 1593 et
961 1541 988 1593 iu

138 1614 199 1667 aliis
213 1614 378 1681 civitatibus,
392 1618 424 1667 ut
438 1631 563 1682 quaeque
575 1614 677 1683 optime
692 1618 807 1679 morata,
821 1616 862 1669 ita
877 1616 984 1684 diligen·

138 1690 243 1743 tissime
255 1690 443 1744 observantur.
468 1690 638 1759 Lysandrum
652 1690 905 1760 Lacedaemonium,
912 1692 989 1759 cujus

138 1768 219 1820 mode
244 1767 411 1821 mentionem
434 1767 493 1833 feci,
514 1766 606 1819 dicere
625 1767 704 1820 aiunt
723 1767 833 1821 solitum
854 1768 989 1823 Lacedae

138 1858 245 1896 monem
258 1860 318 1897 esse
330 1843 551 1896 honestissimum
565 1842 732 1896 domicilium
745 1844 908 1897 senectutis:
927 1860 989 1897 nus-

139 1937 220 1987 quam
233 1921 305 1973 enim
317 1923 426 1973 tantum
440 1918 575 1971 tribuitur
588 1919 680 1986 aetati,
693 1936 827 1986 nusquam
841 1924 884 1973 est
899 1937 990 1973 senec-
1003 1930 1009 1992 l
1027 1939 1040 1977 c

139 2000 183 2049 tus
203 1996 367 2050 honoratior.
406 1993 580 2057 Quinetiam
605 1995 752 2048 memoriae
775 1996 914 2064 proditum
939 1999 988 2063 est,

54 2088 57 2096 ’
138 2089 222 2140 quum
241 2072 358 2126 Athenis
372 2070 444 2123 ludis
460 2070 573 2137 quidam
592 2072 621 2124 in
638 2071 777 2125 theatrum
795 2071 907 2138 grandis
922 2076 989 2125 natu

83 2178 86 2184 ,
139 2152 265 2209 venisset,
279 2148 308 2199 in
320 2162 420 2213 magno
432 2162 558 2199 consessu
575 2147 664 2199 locum
678 2164 811 2214 nusquam
827 2148 852 2199 ei
866 2147 961 2200 datum
973 2164 990 2199 a

138 2222 322 2287 suisciribus;
341 2238 425 2289 quum
435 2225 527 2274 autem
540 2222 576 2274 ad
591 2222 816 2275 Lacedaemonios
826 2223 989 2282 accessisset.

138 2300 186 2368 qui
204 2299 287 2366 legati
306 2314 391 2366 quum
409 2300 500 2351 essent
518 2301 595 2351 certe
612 2296 642 2349 iu
657 2297 716 2351 lece
728 2299 914 2363 consederant,
928 2316 992 2352 con-

138 2376 290 2429 surrexisse
303 2391 396 2427 emnes
409 2378 438 2427 et
450 2390 543 2429 senem
555 2372 654 2443 [illum]
666 2391 768 2428 sessum
781 2375 925 2445 recepisse.
949 2381 990 2429 64.

139 2452 243 2516 Quibus
257 2468 341 2521 quum
353 2468 370 2504 a
381 2454 479 2505 cuncte
491 2467 619 2505 consessu
632 2450 743 2519 plausus
758 2459 831 2505 esset
846 2451 989 2519 multiplex

138 2528 226 2597 «latus,
246 2528 348 2581 dixisse
367 2544 401 2580 ex
419 2527 454 2579 iis
469 2528 614 2595 quendam,
631 2528 815 2581 Athenienses
834 2526 903 2581 scire
919 2542 989 2594 quae

137 2602 388 2671 1=ectacsscnt,sed
403 2604 493 2657 lacere
508 2602 587 2655 nolle.
624 2600 713 2656 Multa
728 2604 756 2656 in
770 2606 865 2656 nestro
876 2602 990 2669 collegio

137 2681 285 2748 praeclara,
307 2680 356 2733 sed
375 2678 426 2732 hoc
446 2680 481 2733 de
500 2696 553 2747 que
575 2680 681 2747 sigim
696 2680 724 2731 in
742 2679 844 2747 primis,
860 2678 940 2746 quod,
958 2681 990 2730 ut

138 2758 254 2826 (quisquc
279 2760 371 2810 aetate
396 2757 543 2823 antecedit,
568 2758 608 2810 ita
632 2757 785 2811 sententiae
808 2754 989 2823 principatum

12 2888 17 2901 ,
39 2836 40 2841 ’
62 2860 69 2867 ·
140 2837 229 2899 teuet;
247 2850 337 2902 neque
352 2834 438 2885 solum
451 2832 553 2886 honore
563 2831 788 2891 antecedentibus
800 2831 850 2884 scd
862 2831 895 2883 iis
907 2831 990 2883 etiam

138 2910 184 2977 qui
197 2926 259 2963 cum
270 2909 386 2977 imperio
399 2913 463 2962 sunt
480 2908 599 2975 majores
612 2914 678 2961 natu
692 2924 810 2975 augures
824 2910 990 2973 anteponun-

50 2980 55 2985 ’
138 2990 190 3039 tur.
229 2986 305 3050 Quae
323 2989 387 3039 sunt
403 2985 488 3052 igitur
501 2984 655 3051 voluptates
669 2984 791 3052 corporis
802 3000 863 3035 cum
876 2982 990 3033 auctori-

76 3062 80 3071 '
138 3062 204 3115 tatis
220 3061 350 3131 praemiis
367 3060 583 3128 comparandael
606 3059 705 3127 quibus
723 3060 770 3127 qui
788 3056 931 3125 splendide
949 3056 990 3108 usi

138 3142 210 3206 suut,
233 3139 254 3191 ii
274 3137 341 3190 milri
361 3136 490 3191 videntur
513 3134 634 3189 fabulam
653 3136 753 3188 aetatis
773 3132 917 3201 peregisse,
941 3148 990 3184 nec

138 3222 278 3280 tamqnam
298 3213 474 3267 inexercitati
494 3211 643 3265 histriones
661 3210 689 3262 in
709 3213 832 3263 extreme
853 3208 917 3260 actu
935 3216 991 3260 cer-

260 3294 276 3338 3
