2242 3542
283 172 352 223 LlB.
371 173 431 234 111,
447 174 526 222 CAP.
543 172 895 234 xx11.-xxrv.‚§sr-aa
968 178 1015 225 179

170 257 251 326 eique
269 258 416 328 sapientes,
433 258 487 310 sibi
506 263 604 310 neuter
622 258 713 327 rapiat
732 276 767 311 an
788 260 858 311 alter
877 258 959 311 cedat
978 260 1014 312 al·

170 341 223 393 teri
231 342 260 394 l”
297 340 411 392 “Cedat
430 356 505 406 vero,
519 340 569 391 sed
589 339 622 407 ei,
640 339 718 391 cuius
736 340 829 409 magis
845 340 955 393 intersit
970 341 1016 394 vel

170 436 219 472 sua
233 421 278 473 vel
297 421 337 473 rei
355 420 485 488 publicae
504 436 587 473 causa
602 420 880 486 vivere.'’-“Quidl
905 421 928 473 si
946 422 1016 473 baec

170 501 249 569 paria
261 500 291 552 in
304 505 422 569 utroque
431 502 458 554 l'’
484 499 512 529 ”“
521 502 638 553 Nullum
652 501 704 553 erit
717 506 863 569 certamen,
873 502 921 553 sed
936 502 1015 569 quasi

171 588 244 633 sorte
257 587 306 634 aut
318 581 451 634 micando
463 580 556 635 victus
572 582 651 634 alteri
667 584 748 634 cedet
762 584 911 635 alter,”—“
920 583 1017 647 Quidl

171 662 195 713 si
213 668 293 731 pater
306 662 371 714 fana
389 664 504 732 expilat,
518 663 662 715 cuniculos
680 668 746 732 agat
765 662 800 714 ad
817 663 960 726 aerarium,
973 664 1017 714 iu·

171 743 283 795 dicetne
300 744 331 795 id
346 742 558 812 magistratibus
575 744 685 797 filiusl''
723 744 833 796 “Nefas
847 744 877 795 id
892 744 1014 811 quidem.

171 823 246 888 Quin
259 824 344 875 etiam
357 823 492 877 defendat
501 830 618 893 patrem,
628 825 651 877 si
665 826 825 893 a1·guatur,’'
863 828 878 852 '⁶
887 826 950 877 Non
964 825 1016 893 igi„

171 911 216 955 tur
234 905 327 973 pat-ria
345 910 469 973 praestat
487 906 620 957 omnibus
638 905 738 957 officiis
746 908 774 959 2⁹¹
812 906 926 957 “Immo
941 922 1016 973 vero,

171 985 219 1036 red
235 986 290 1054 ipsi
305 987 412 1054 patriae
432 988 566 1039 conducit
582 988 644 1056 pios
659 988 761 1039 babere
781 986 856 1039 cives
874 986 905 1038 in
920 1003 1017 1055 paren-

172 1066 408 1132 tes.’'-“Quidl
434 1068 458 1119 si
480 1068 657 1135 tyrannidem
681 1082 825 1136 occupare,
847 1066 869 1119 si
894 1068 1015 1136 patriam

172 1146 289 1213 prodere
316 1148 464 1200 conabitur
489 1156 577 1217 pater,
601 1147 730 1200 silebitne
756 1147 865 1201 filius‘l’²
903 1149 1017 1199 “Immo

173 1241 238 1278 vero
256 1228 415 1281 obsecrabit
431 1235 546 1298 patrem,
563 1226 598 1281 ne
616 1230 648 1281 id
667 1229 759 1281 faciat.
798 1228 827 1281 Si
846 1228 919 1280 nihil
934 1228 1017 1297 proti-

172 1307 235 1374 ciet,
250 1310 400 1374 accusabit,
415 1310 570 1363 minabitur
592 1311 685 1377 etiam,
700 1311 736 1363 ad
756 1315 918 1373 extremum,
935 1310 958 1361 si
978 1309 1015 1361 ad

172 1388 323 1455 perniciem
339 1390 445 1458 patriae
461 1407 504 1441 res
519 1391 669 1459 spectabit,
682 1390 789 1459 patriae
807 1392 924 1443 salutem
940 1396 1014 1441 ante·

172 1475 259 1535 ponet
277 1470 361 1521 saluti
381 1470 494 1538 patrias*
532 1474 573 1523 91.
591 1472 706 1537 Quaerit
727 1472 818 1537 etiam,
836 1471 883 1523 “si
906 1470 1017 1540 sapiens

173 1548 345 1601 adulterinos
364 1566 494 1601 nummos
515 1552 655 1620 acceperit
673 1552 837 1621 imprudens
855 1568 907 1621 pro
924 1551 1016 1618 bonis,

173 1645 236 1681 curn
251 1629 282 1682 id
296 1630 428 1697 rescierit,
439 1632 615 1684 soluturusne
632 1632 668 1684 sit
681 1650 735 1699 eos,
747 1632 770 1685 si
784 1632 829 1685 cui
844 1633 952 1699 debeat,
964 1648 1017 1701 pro

173 1709 280 1763 bonisst
316 1710 459 1780 Diogenes
470 1712 517 1779 ait,
527 1712 678 1781 Antipater
693 1719 786 1781 negat,
797 1713 843 1765 cui
855 1714 951 1782 potius
967 1714 1015 1766 ad-

173 1791 338 1845 sentior-‘⁶
347 1791 402 1858 Qui
414 1792 511 1844 vinum
523 1792 636 1861 fugiens
648 1795 754 1845 vendat
770 1794 866 1860 sciens,
878 1794 1016 1845 debeatne

169 1867 301 1927 'dicerel”
339 1875 354 1901 “
364 1874 429 1925 Non
451 1874 586 1925 necesse⁷’
603 1879 684 1942 putat
703 1874 850 1942 Diogenes,
867 1874 1016 1943 Antipater

174 1953 250 2005 “viri
268 1953 361 2005 boni''
377 1953 528 2006 existimat.
567 1955 644 2005 Haec
663 1960 728 2005 sunt
744 1954 823 2021 quasi
839 1962 1016 2007 controversa

173 2031 233 2107 iura
252 2033 415 2087 Stoicorum.
454 2035 511 2085 “In
532 2034 672 2102 mancipio
690 2036 841 2087 vendendo
860 2035 1017 2087 dicendane

172 2114 250 2181 vitia,
263 2132 320 2167 non
333 2131 373 2180 ea,
383 2132 454 2182 quae
464 2115 519 2166 uisi
530 2116 642 2183 dixeris,
652 2115 832 2168 redhibeatur
844 2116 1015 2184 mancipium

173 2195 232 2248 iure
251 2196 337 2264 civili,
350 2197 400 2248 sed
419 2198 496 2261 haec,
511 2197 673 2248 mendacem
694 2214 759 2263 esse,
776 2199 932 2263 aleatorem,
944 2196 1015 2249 fura·

173 2292 241 2340 cem,
254 2276 394 2328 ebriosum
403 2278 431 2329 l”
467 2277 557 2329 Alteri
575 2278 697 2329 dicenda
711 2278 849 2333 videntur.
864 2277 943 2329 alteri
958 2295 1014 2330 non

173 2356 312 2409 ridentur.
351 2360 390 2410 92.
407 2359 422 2385 “
432 2357 462 2410 Si
475 2357 538 2426 quis
550 2374 647 2410 aurum
661 2358 785 2410 vendens
801 2358 970 2410 orichalcum
986 2374 1016 2410 sc

172 2440 254 2504 putet
266 2437 395 2502 vendere,
405 2436 548 2489 indicetne
561 2437 587 2489 ei
597 2437 740 2490 virbonus
752 2454 849 2490 aurum
862 2439 935 2491 illud
948 2455 1016 2504 esse,

172 2533 208 2568 an
227 2523 301 2569 emat
316 2516 432 2569 denario
447 2519 525 2585 quod
541 2518 578 2570 sit
593 2518 670 2569 mille
690 2519 870 2573 clena1·iu1nl'’
907 2521 1014 2588 Perspi-

172 2612 256 2649 cuum
271 2604 313 2650 est
327 2597 383 2649 iarn
401 2598 514 2665 etquid
530 2598 600 2649 milri
616 2598 745 2651 videatur
761 2604 790 2652 et
805 2616 875 2668 quae
891 2600 927 2652 sit
942 2600 1015 2652 inter

172 2694 219 2729 eos
231 2678 423 2746 philosophos,
437 2695 508 2745 quos
520 2679 671 2746 nominavi,
682 2681 878 2733 controversia.

208 2760 311 2812 XXIV.
331 2762 418 2812 Pacta
437 2767 465 2813 et
479 2761 615 2829 promissa
634 2778 777 2830 semperne
797 2763 934 2815 servanda
949 2764 1014 2829 sint,

173 2855 251 2903 quan
266 2855 323 2892 nne
335 2856 369 2893 vr
383 2857 441 2894 nne
455 2856 531 2894 nono
544 2858 631 2907 amne,
642 2847 673 2895 ut
686 2848 826 2912 praetores
838 2846 935 2911 solent,
946 2859 1013 2897 rac-

172 2934 210 2973 ΨΑ
229 2920 368 2974 suun-Si
383 2922 445 2990 quis
463 2923 698 2975 medicamentum
714 2924 835 2993 cuipiam
851 2924 962 2977 dederit
977 2924 1012 2977 ad

172 3018 273 3069 aquam
294 3001 460 3055 intercutem
482 3002 685 3072 pepigeritque,
707 3004 731 3054 si
752 3021 785 3056 eo
809 3006 1014 3056 medicamento

172 3098 254 3134 sanus
272 3081 361 3133 factus
379 3089 457 3148 esset,
471 3100 505 3134 ne
524 3083 575 3134 illo
593 3083 797 3136 medicamento
816 3100 947 3151 umquam
964 3100 1013 3151 po-

172 3166 232 3214 stea
249 3165 380 3226 uteretur,
398 3163 422 3214 si
442 3179 474 3215 eo
494 3162 697 3215 medicamento
718 3180 801 3216 sanus
819 3164 911 3216 faetus
930 3163 966 3216 sit
984 3168 1012 3215 et
