2242 3542
382 7 622 114 QQ
794 4 986 92 1111111,

306 129 985 194 LlB.11.,cAP.V.-vn.§,1eas.1aa

143 215 186 271 20.
205 214 246 268 At
263 230 330 267 vero
344 214 478 268 interitus
496 215 678 284 exercituum,
693 220 727 269 ut
743 216 871 286 proxime
890 218 985 288 trium,

143 310 225 364 saepe
240 296 400 362 multorum,
411 295 504 347 clades
519 295 726 365 imperatorum,
737 301 769 349 ut
781 313 870 366 nuper
885 298 986 351 summi

143 379 172 427 et
182 374 333 443 singularis
342 374 403 442 viri,
413 374 538 428 invidiae
547 381 689 444 praeterea
699 377 890 430 multitudinis
900 382 984 447 atque

144 455 181 508 ob
200 471 247 507 eas
262 455 507 509 benemeritorum
522 472 604 527 saepe
623 456 728 509 civium
743 457 928 527 expulsiones,
941 474 985 511 ca-

143 536 291 604 lamitates,
304 535 395 605 fugae,
408 552 555 602 rursusque
575 538 713 590 secundae
731 554 782 606 res,
795 539 922 606 honores,
934 538 985 591 im·

142 616 229 685 peria,
243 615 385 683 victoriae,
401 632 571 685 quamquam
589 617 706 670 fortuita
725 623 797 687 sunt,
812 624 907 671 tamen
924 618 985 672 01110

142 696 288 751 11οωί1111111
307 696 408 765 opibus
425 703 454 749 et
472 698 575 751 studiis
593 704 719 751 neutram
738 699 768 751 111
785 705 895 769 partem
913 699 984 753 effici
1036 696 1039 699 ’

142 782 268 848 possunt.
306 778 369 831 Hoc
387 778 476 848 igitur·
494 779 610 848 cognito
630 779 783 832 dicendum
802 785 843 833 est
862 796 984 847 quonam

142 859 228 911 modo
247 858 394 911 hominum
412 858 506 911 studia
525 860 562 912 ad
581 858 719 912 utilitates
737 864 845 913 nostras
863 861 985 914 adlicere

143 942 227 1007 atque
247 938 368 991 excitare
384 938 528 1007 possimus.
568 939 645 1004 Quae
663 939 688 992 si
701 940 813 1009 longior
826 939 911 993 fuerit
926 956 984 993 ora-

142 1017 191 1085 tic,
207 1035 271 1071 cum
291 1018 487 1087 magnitudine
507 1018 641 1072 utilitatis
663 1025 853 1089 comparetur:
871 1019 912 1072 ite
930 1020 984 1073 for·

141 1102 215 1153 tasse
228 1098 312 1152 etiam
327 1098 437 1151 brevior
450 1099 602 1153 videbitur.

178 1181 220 1232 21.
241 1179 437 1247 Quaecumque
462 1179 550 1249 igitur
572 1180 699 1234 homines
724 1180 833 1233 homini
854 1180 984 1235 tribuunt

142 1260 180 1313 ad
202 1276 265 1313 eum
283 1260 444 1329 augendum
463 1266 547 1330 atque
566 1261 782 1328 honestandum,
798 1267 847 1315 aut
866 1263 984 1316 benevo

141 1340 244 1393 lentiae
259 1340 350 1410 gratia
362 1339 477 1407 faciunt,
491 1357 555 1393 cum
568 1341 663 1409 aliqua
675 1342 710 1394 de
726 1358 810 1394 causa
823 1343 984 1411 quempiam

142 1419 276 1490 diligunt,
297 1425 346 1473 aut
370 1420 492 1487 honoris,
512 1420 537 1472 si
564 1420 644 1475 cuius
667 1421 801 1475 virtutem
827 1422 984 1491 suspiciunt

142 1516 282 1569 quemque
306 1500 426 1569 dignum
446 1499 559 1553 fortuna
583 1517 667 1568 quam
689 1500 861 1570 amplissima
881 1507 984 1571 putant

142 1584 192 1635 aut
213 1580 260 1634 cui
280 1581 365 1635 fidem
386 1582 491 1634 habent
512 1586 541 1634 et
561 1582 633 1635 bene
657 1582 739 1635 rebus
760 1581 817 1634 suis
841 1584 983 1635 consulere

141 1662 313 1716 arbitrantur
328 1668 376 1715 aut
389 1662 468 1716 cuius
483 1679 550 1733 opes
562 1667 701 1730 metuunt,
715 1667 763 1715 aut
776 1666 881 1731 contra,
894 1679 911 1715 a
923 1663 983 1730 qui-

141 1744 194 1797 bus
209 1743 318 1812 aliquid
331 1748 503 1814 exspectant,
517 1748 548 1797 ut
564 1760 628 1796 cum
643 1760 722 1814 reges
735 1745 920 1814 popularesve
935 1744 983 1796 ho·

141 1824 230 1877 mines
239 1824 403 1894 largitiones
415 1824 523 1893 aliquas
532 1830 705 1894 proponunt,
714 1829 763 1876 aut
773 1830 914 1892 postremo
923 1840 983 1892 pre·

141 1904 183 1957 tio
204 1920 236 1957 ae
257 1906 385 1957 mercede
404 1904 552 1971 ducuntur,
569 1920 641 1973 quae
663 1903 856 1957 sordidissima
875 1908 917 1956 est
934 1904 984 1957 illa

142 1983 258 2052 quidem
265 1984 341 2037 ratio
354 1987 383 2035 et
394 1982 622 2051 inquinatissima
634 1988 663 2036 et
674 1983 727 2050 his,
738 1983 789 2050 qui
800 1999 833 2036 ea
845 1987 982 2051 tenentur,

141 2068 170 2116 et
190 2063 255 2130 illis,
273 2063 324 2131 qui
347 2063 386 2115 ad
406 2078 468 2115 eam
491 2061 642 2130 confugere
667 2067 811 2117 conantur.
849 2066 891 2116 22.
910 2063 984 2116 Male

142 2142 218 2197 enim
237 2159 265 2195 se
284 2158 328 2195 res
346 2142 440 2211 habet,
454 2158 525 2209 cum,
539 2143 618 2211 quod
633 2142 737 2196 virtute
755 2142 827 2195 effici
847 2143 939 2210 debet,
952 2143 983 2197 id
1013 2151 1023 2182 1

142 2228 295 2292 temptatur
310 2222 437 2293 pecunia.
475 2223 530 2276 Sed
547 2222 680 2291 quoniam
695 2238 752 2275 non
764 2238 918 2291 numquam
931 2224 984 2277 hoc

141 2303 299 2358 subsidium
311 2302 496 2356 necessarium
511 2307 561 2370 est,
576 2319 660 2371 quem
675 2302 841 2356 admodum
857 2303 894 2356 sit
906 2307 983 2356 uten-

142 2387 211 2439 dum
233 2401 266 2438 οο
288 2384 421 2452 dicemus,
438 2383 461 2437 si
479 2383 557 2453 prius
576 2384 611 2437 iis
634 2384 671 2437 de
688 2385 779 2453 rebus,
795 2401 866 2453 quae
885 2384 982 2438 virtuti

140 2466 286 2537 propiores
298 2469 370 2533 sunt,
385 2464 545 2520 dixerimus.
582 2466 677 2534 Atque
691 2465 776 2519 etiam
789 2465 943 2520 subiiciunt
955 2484 983 2519 00

141 2547 268 2599 homines
282 2545 401 2616 imperio
416 2545 530 2599 alterius
545 2550 574 2601 et
588 2546 724 2615 potestati
739 2547 775 2600 de
794 2546 884 2600 causis
899 2546 983 2615 pluri-

140 2627 201 2681 bus.
247 2632 394 2681 Ducuntur
415 2627 488 2680 enim
508 2630 556 2681 aut
575 2627 770 2680 benevolentia
789 2632 837 2680 aut
856 2626 1004 2704 benefici-s,

141 2724 220 2761 orum
235 2708 431 2779 magnitudine
447 2714 496 2762 aut
512 2708 662 2779 dignitatis
678 2709 852 2777 praestantia
868 2712 917 2760 aut
934 2724 983 2776 spe

140 2788 196 2841 sibi
210 2789 241 2841 id
256 2789 325 2843 utile
338 2788 464 2841 futurum
482 2793 531 2841 aut
545 2793 623 2841 metu
637 2804 672 2840 ne
687 2788 716 2842 vi
731 2804 827 2857 parere
846 2792 983 2857 cogantur
1019 2814 1051 2841 a,
1105 2853 1106 2856 Ἴ

141 2872 189 2920 aut
208 2884 256 2937 spe
275 2868 433 2959 largitionis
451 2868 652 2938 promissisque
671 2868 748 2937 capti
766 2872 816 2921 aut
834 2874 982 2936 postremo,

141 2952 173 2999 ut
188 2964 269 3017 saepe
287 2948 318 2999 111
332 2953 427 3001 nostra
446 2964 474 3000 re
490 2948 605 3017 publica
620 2947 756 3015 videmus,
770 2948 900 2999 mercede
919 2961 982 2997 con·
997 2966 1003 2997 1

142 3028 230 3081 ducit.
267 3028 329 3082 VII.
366 3031 407 3081 23.
428 3028 559 3081 Omnium
585 3034 678 3079 autem
698 3043 790 3080 rerum
814 3041 866 3078 nec
890 3008 1001 3094 aptius

141 3114 184 3161 est
206 3106 361 3177 quidquam
383 3108 420 3161 ad
444 3125 511 3177 opes
534 3108 656 3160 tuendas
679 3122 712 3160 ac
735 3106 872 3160 tenendas
898 3120 983 3172 quam
