2242 3542
37 50 178 133 ‘Q
177 18 605 195 ιιιμιιιᾷιιιιψη
564 25 950 226 &m

133 132 196 211 122
443 158 492 208 DE
509 158 661 209 OFFICIIS

131 244 216 297 docet
231 244 370 311 quaedam
385 243 531 296 hominum
545 259 649 312 genera
667 258 725 295 esse
739 247 912 311 consumpta,
927 244 975 295 de

131 324 198 377 inde
217 329 360 392 cornparat
376 329 481 391 quanto
498 324 592 393 plures
611 322 697 376 deleti
675 323 768 375 tsiut
783 324 911 375 homines
925 324 975 375 ho

131 405 239 457 minum
257 403 373 473 impetu,
389 403 420 455 id
439 410 490 471 est,
507 404 588 457 bellis
609 408 658 456 aut
678 403 873 472 seditionibus,
890 420 975 471 quam

115 443 234 542 iomni·
222 483 330 552 reliqua
342 484 456 537 calamit
444 488 509 537 t.ato

168 568 209 618 17.
230 566 300 617 Cum
314 564 403 634 igitur
418 564 465 619 hic
482 566 561 617 locus
580 564 652 617 nihil
667 565 771 618 habeat
786 564 975 618 dubitationis

131 645 200 713 quin
216 645 343 698 homines
362 645 515 715 plurimum
533 645 696 698 hominibus
715 653 744 698 et
759 645 868 714 prosint
881 650 912 698 et
926 645 974 697 ola

116 726 195 793 sint,
208 726 354 795 proprium
369 727 422 778 hoc
438 729 531 778 statuo
547 742 606 778 esse
618 726 738 796 virtutis,
752 725 901 779 conciliare
916 726 976 778 ani-

118 823 191 863 .mos
214 807 357 860 hominum
380 812 408 860 et
428 807 466 859 ad
487 822 552 860 usus
577 822 642 859 suos
666 806 828 877 adiungere.
865 808 973 874 Itaque,

131 905 202 955 quae
217 889 247 941 in
262 890 344 942 rebus
359 882 491 941 inanimis
508 904 636 956 quaeque
650 888 681 940 in
695 904 748 941 usu
763 894 792 941 et
806 888 974 941 tractatione

131 970 275 1023 beluarum
289 970 361 1023 fiunt
376 969 484 1023 utiliter
498 970 535 1021 ad
548 970 695 1022 homiuum
707 969 803 1035 vitem,
817 969 925 1022 artibus
940 984 975 1022 ca

92 1081 103 1101 ι
130 1051 292 1104 tribuuntur
306 1052 437 1120 operosis,
452 1052 598 1104 hominum
611 1058 704 1104 autem
719 1050 815 1103 studia
828 1051 864 1103 ad
877 1050 976 1119 ampli-

130 1131 288 1184 ficationem
309 1140 467 1185 nostrarum
491 1149 582 1185 rerum
606 1138 737 1202 prompta
758 1148 791 1184 ao
815 1136 914 1200 parata
934 1131 975 1183 vi·

130 1227 223 1263 rorum
246 1212 447 1281 praestantium
469 1213 607 1282 sapientia
631 1217 661 1265 et
681 1212 786 1265 virtute
806 1212 973 1265 excitantur.

132 1295 174 1345 18.
194 1293 307 1345 Etenim
322 1292 411 1346 virtus
426 1294 517 1345 omnis
531 1293 623 1345 tribus
637 1292 667 1345 in
682 1294 765 1346 rebus
778 1292 834 1345 fere
847 1291 974 1360 vertitur,

131 1390 248 1441 quarum
269 1390 324 1425 una
343 1376 384 1426 est
403 1373 434 1425 iu
453 1373 651 1443 perspiciendo
672 1373 743 1440 quid
762 1373 792 1425 in
813 1388 924 1441 quaque
945 1388 975 1425 re

130 1471 226 1507 verum
248 1454 440 1521 sincerumque
466 1455 511 1523 sit,
530 1454 599 1522 quid
625 1461 841 1507 consentaneum
862 1453 973 1521 cuique,

130 1536 201 1602 quid
224 1552 404 1603 consequeus,
425 1551 460 1588 ex
487 1552 544 1604 quo
569 1551 696 1604 quaeque
720 1535 882 1605 gignantur,
902 1550 975 1602 quae

130 1617 263 1685 cuiusque
278 1616 319 1668 rei
333 1631 416 1668 causa
435 1616 479 1684 sit,
493 1617 612 1669 alterum
627 1616 759 1669 cohibere
774 1620 867 1669 motus
885 1616 975 1668 animi

129 1698 265 1764 turbatos,
276 1713 346 1765 quos
359 1696 459 1751 Graeci
473 1701 543 1761 πάθη
557 1696 711 1764 nominant,
721 1696 973 1766 appetitionesque‚

131 1793 199 1844 quas
222 1777 265 1829 illi
286 1783 374 1848 ὁρμάς,
393 1774 576 1831 oboedientes
599 1778 706 1830 efficere
728 1777 837 1844 rationi,
856 1778 973 1829 tertium

129 1859 172 1923 iis,
186 1858 352 1925 quibuscum
366 1875 575 1930 congregemur,
589 1860 632 1912 uti
644 1860 789 1911 moderate
804 1865 832 1911 et
844 1858 973 1925 scienter,

130 1956 248 2008 quorum
264 1941 365 1993 studiis
381 1957 421 2008 ea,
438 1957 508 2009 quae
524 1948 624 1993 natura
639 1939 788 2007 desiderat,
801 1940 914 2007 expleta
927 1954 975 1990 cu-

129 2022 291 2089 mulataque
305 2022 466 2088 habeamus,
480 2038 530 2091 por
548 2022 724 2089 eosdemque,
740 2019 764 2072 si
782 2019 853 2087 quid
871 2018 974 2087 impor-

129 2107 204 2154 tetur
228 2102 309 2155 nobis
330 2102 511 2170 incommodi,
530 2104 725 2172 propulsemus
749 2100 973 2169 ulciscamurque

129 2199 177 2235 eos
178 2184 247 2252 ,qui
262 2199 361 2236 nocere
375 2184 457 2236 nobis
474 2182 569 2236 conati
585 2188 650 2235 sunt
651 2187 804 2259 ,tantaque
817 2198 954 2256 poena
925 2181 974 2233 ad·

129 2263 262 2333 finiamus,
288 2270 375 2341 quant
378 2281 422 2316 um
453 2264 581 2337 aequitas
611 2261 972 2335 humanitasque-patitur.

100 2337 177 2397 'Vi
217 2347 256 2397 19
277 2344 385 2433 Quibus
413 2350 506 2397 autem
531 2344 689 2396 rationibus
699 2330 786 2396 lianc
810 2342 975 2395 faculatem

130 2422 248 2491 adsequi
266 2423 411 2491 possimus,
425 2430 457 2475 ut
476 2424 623 2477 hominum
642 2423 737 2476 studia
755 2424 976 2491 complectamur

129 2518 218 2569 eaque
239 2510 389 2571 teneamus,
406 2502 531 2575 dicemus
553 2520 650 2574 neque·
664 2504 713 2572 ita·
724 2504 815 2572 mult-0
829 2502 975 2572 ιιι-ξω

72 2586 74 2603 “
129 2599 219 2657 pauca
231 2590 295 2636 ante
308 2584 512 2655 dicenda-sunt.
537 2586 670 2654 Magnam
680 2584 738 2636 vim
751 2600 808 2636 esse
820 2582 975 2635 infortuna

128 2664 159 2715 in
171 2670 318 2731 utramque
333 2671 451 2733 partem,
461 2667 507 2717 vel
522 2665 658 2717 secundas
673 2666 711 2717 ad
726 2681 769 2717 res
782 2665 827 2716 vel
842 2663 975 2717 adversas

129 2744 192 2813 quis
210 2744 342 2813 ignorati
379 2746 452 2799 Nam
471 2750 499 2797 et
517 2761 582 2797 cum
600 2761 734 2814 prospero
752 2744 821 2797 flatu
840 2742 975 2799 eiusuti-

129 2841 198 2891 mur,
215 2822 252 2877 ad
270 2825 362 2877 exitus
384 2824 564 2894 pervehimur
585 2830 698 2895 optatos
720 2830 755 2892 et,
771 2840 835 2877 cum
854 2822 973 2889 reflavit,

130 2905 298 2974 adfligimur.
337 2907 414 2958 Haec
435 2906 523 2974 igitur
544 2907 606 2975 ipsa
626 2906 739 2957 fortuna
763 2912 869 2957 ceteros
891 2919 974 2957 casus

129 2986 245 3037 rariores
264 2986 356 3053 habet,
370 2986 489 3055 primum
509 2988 545 3039 ab
560 2986 692 3038 inanimis
711 2986 854 3056 procellas,
867 2988 974 3053 tempe

131 3070 224 3131 states
244 3065 396 3134 naufragia,
416 3066 517 3133 ruinas,
538 3066 679 3132 incendia,
700 3066 803 3119 deinde
831 3082 848 3117 a
875 3065 973 3117 bestiis

130 3138 212 3211 ictus,
229 3160 345 3212 morsus,
362 3145 491 3215 impetus.
528 3146 606 3199 Haec
627 3161 703 3217 ergo,
718 3151 750 3199 ut
771 3145 840 3213 dixi,
858 3144 974 3199 rariora
1017 3159 1022 3166 ·
