2242 3542
109 136 124 182 2
342 131 380 178 M.
398 130 523 178 TULLII
540 129 746 179 CICERONIS*

109 212 205 266 Aristo
217 211 308 279 Ohius,
326 227 423 280 parum
441 210 512 264 enim
531 216 606 265 esset
623 210 795 265 auctoritatis
813 211 841 263 in
858 210 956 279 fabula,

108 289 158 342 sed
177 288 214 342 M.
228 287 325 346 Catoni
338 287 404 353 seni,
423 304 479 354 quo
494 285 628 355 majoma
639 287 831 341 auctoritatem
844 287 958 342 haberet
1054 350 1056 354 y

108 365 204 418 oratio.
249 364 335 432 Apud
359 379 442 431 quem
467 363 592 421 laelium
605 363 822 431 etScipionem
845 364 958 417 facimus

107 441 275 494 admirantes
288 439 363 508 quod
379 439 402 492 is
420 442 477 492 tam
495 437 574 493 facile
586 443 755 493 senectutem
771 440 850 506 ferat,
870 440 959 508 iisque

108 533 171 570 eum
189 516 407 584 respondentem.
445 516 497 580 Qui
516 516 538 568 si
556 515 693 569 eruditius
710 515 849 569 videbitur
866 516 959 586 dispu-
1059 573 1061 577 ,

107 597 168 646 tare
198 609 280 660 quam
309 592 450 645 consuevit
478 591 536 659 ipse
560 593 589 644 in
613 593 670 647 suis
699 592 784 658 libris,
814 593 958 646 attribuito

109 668 221 722 Graecis
250 668 351 721 litteris
380 685 496 736 quarum
525 671 634 721 constat
664 685 727 721 eum
755 669 957 736 perstudiosum

107 744 192 797 fnisse
211 745 238 797 in
257 747 405 798 senectute.
443 743 499 796 Sed
518 744 586 812 quid
606 761 674 812 opus
696 747 738 797 est
759 744 857 812 plural
894 745 957 797 dam

109 822 181 874 enim
199 821 284 890 ipsius
305 821 416 874 Catonis
435 831 523 872 sermo
542 819 690 889 explicabit
710 825 832 873 nostram
851 837 957 874 omnem

108 896 145 954 de
163 900 305 950 senectute
324 896 496 950 sententiam.
859 960 861 963 Ι

161 973 201 1026 ΙΙ.
236 979 260 1026 4.
285 974 386 1026 Sermo.
423 972 624 1041 Saepenumero
645 972 776 1026 admirari
799 974 873 1028 soleo
896 980 960 1028 cum'

108 1047 158 1102 hoc
168 1045 194 1101 Ο.
205 1047 296 1103 laelio
305 1065 389 1116 quum
401 1052 554 1102 ceterarum
567 1065 659 1101 rerum
675 1053 752 1102 tuam
771 1050 957 1118 excellentem,

109 1125 147 1177 M.
167 1126 242 1192 Cato,
266 1126 470 1194 perfectamque
495 1125 664 1194 sapientiam,
689 1129 748 1178 tum
772 1125 815 1178 vel
840 1126 957 1180 maxime

108 1201 182 1267 qnod
199 1217 338 1268 nunquam
357 1204 524 1254 senectutem
543 1201 594 1255 tibi
611 1217 723 1268 gravem
740 1217 801 1254 esse
818 1203 957 1271 senserim,
1031 1262 1033 1267 ,

109 1293 179 1344 quae
191 1276 330 1346 plerisque
340 1276 450 1330 senibus
463 1277 501 1330 sic
513 1277 608 1330 odiosa
626 1282 669 1330 est
686 1281 718 1331 ut
736 1295 804 1331 onus
820 1295 850 1331 se
869 1282 958 1332 Aetna

107 1354 217 1420 gravius
230 1353 322 1406 dicant
334 1354 478 1407 sustinere.
515 1354 600 1408 (lano.
626 1354 696 1407 Rem
713 1354 788 1408 haud
806 1371 870 1408 sane
889 1355 958 1407 diffi-
1047 1390 1049 1394 v

109 1429 193 1494 oilem,
208 1429 298 1498 Scipio
311 1433 340 1482 et
352 1429 436 1496 Laeli,
453 1429 583 1483 admirari
595 1430 732 1485 videmini
768 1430 873 1495 Quibus
885 1433 957 1484 enim

108 1505 174 1558 nihil
194 1509 236 1559 est
253 1506 279 1558 in
294 1505 362 1573 ipsis
378 1505 438 1574 opis
459 1506 495 1558 ad
512 1505 584 1560 bene
601 1505 737 1575 beateque
754 1507 907 1576 vivendum,
924 1507 958 1560 iis

21 1577 24 1581 ’
109 1583 195 1636 omnis
207 1586 283 1636 aetas
295 1582 386 1649 gravis
403 1585 462 1635 est:
482 1583 529 1650 qui
547 1586 640 1636 autem
653 1583 742 1635 omnia
754 1584 825 1636 bona
837 1601 853 1636 a
866 1601 895 1636 se
905 1583 958 1651 ipsi

108 1662 214 1726 petunt,
232 1659 267 1712 iis
285 1658 352 1712 nihil
364 1662 457 1727 potest
473 1659 573 1712 malum
586 1657 674 1711 videri
692 1658 767 1727 quod
779 1662 894 1711 naturae
911 1675 958 1711 ne-

85 1691 221 1789 lcessitas
233 1735 336 1788 afferat.
375 1735 434 1800 Quo
450 1735 477 1786 in
494 1751 594 1802 genere
611 1738 653 1787 est
669 1735 697 1786 in
711 1734 807 1801 primis
825 1738 957 1801 senectus,

109 1828 191 1879 quam
209 1815 240 1865 ut
258 1811 444 1880 adipiscantur
463 1826 555 1862 ‹nnnes
575 1813 679 1878 optant,
699 1810 813 1862 eandem
831 1813 958 1863 accusant

109 1889 254 1956 adeptam:
274 1891 353 1941 tanta
373 1891 416 1940 est
441 1886 575 1939 stultitiae
596 1886 776 1939 inconstantia
797 1889 880 1954 atque
897 1903 958 1952 per-

90 1919 96 2010 d
110 1966 232 2018 versitas.
248 1989 249 1994 ¹
269 1963 411 2033 Obrepere
423 1963 501 2016 aiunt
515 1979 575 2014 eam
589 1962 669 2014 citius
688 1979 769 2030 quam
781 1962 957 2030 putavissent.
1067 2015 1070 2021 ,

111 2039 240 2106 Primum,
264 2041 326 2108 quis
348 2039 437 2107 coegit
457 2055 503 2092 eos
524 2039 622 2090 falsum
643 2039 759 2106 putaret
796 2037 848 2102 Qut
888 2039 957 2091 enim
1005 2038 1014 2077 ἕ

109 2117 190 2171 citius
201 2116 400 2170 adolescentiae
412 2119 537 2168 senectus
553 2131 635 2182 quam
652 2114 786 2182 pueritiae
804 2115 959 2168 adolescen-

109 2193 148 2246 tia
160 2192 286 2260 0brepitl
323 2192 437 2259 Deinde,
458 2193 506 2259 qui
524 2191 613 2244 minus
631 2191 722 2258 gravis
738 2195 812 2245 esset
823 2192 856 2244 iis
869 2208 959 2244 senec-

109 2273 162 2336 tus,
176 2269 198 2322 si
211 2269 467 2336 octingentesimum
485 2284 586 2320 annum
606 2273 720 2334 agerent
732 2285 814 2336 quam
828 2267 959 2335 octagesi-

109 2347 203 2400 muml
245 2344 399 2396 Praeterita
421 2344 492 2396 enim
517 2347 593 2396 aetas
618 2344 742 2410 quamvis
767 2344 847 2409 longa
875 2360 959 2412 quum

109 2422 265 2486 effluxisset,
278 2420 352 2474 nulla
364 2419 546 2472 consolatione
558 2417 727 2486 permulcere
739 2422 831 2485 posset
847 2418 959 2471 stultam

110 2500 286 2551 senectutem.
325 2502 349 2547 5.
377 2495 508 2558 Quocirca
521 2495 542 2546 si
556 2493 716 2560 sapientiam
729 2510 818 2546 meam
830 2493 960 2546 admirari

109 2573 210 2640 soletis,
228 2589 298 2640 quae
310 2572 413 2624 utinam
428 2570 510 2637 digna
527 2573 601 2622 esset
617 2568 742 2636 opinione
753 2573 845 2622 vestra
857 2573 961 2622 nostro

109 2666 164 2718 que
180 2648 345 2716 cognomine,
367 2649 395 2698 in
414 2646 464 2698 hoc
481 2661 574 2698 sumus
594 2644 729 2713 sapientes
744 2647 818 2714 quod
833 2648 959 2698 naturam

93 2682 241 2796 {optimam
259 2724 357 2777 ducem
373 2726 513 2790 tamquam
532 2721 616 2774 deum
635 2723 775 2790 sequimur
792 2722 872 2789 eique
884 2738 960 2789 parc-

94 2808 188 2866 imus3
207 2817 223 2854 a
241 2817 295 2868 qua
314 2817 367 2852 non
387 2801 445 2852 veri
465 2797 553 2850 simile
571 2801 621 2863 est,
640 2814 723 2866 quum
741 2802 850 2852 ceterae
867 2802 960 2865 partes

110 2877 211 2932 aetatis
224 2876 293 2930 bene
313 2876 461 2944 discriptae
474 2875 536 2941 sint,
550 2878 704 2927 extremum
717 2879 806 2928 actum
819 2878 959 2941 tamquam

110 2953 145 3008 ab
165 2954 247 3007 inerti
268 2957 350 3022 poeta
371 2969 430 3007 esse
450 2951 614 3020 neglectum.
654 2950 710 3004 Sed
733 2954 825 3003 tamon
849 2966 960 3002 necesso

110 3031 162 3084 fuit
186 3047 246 3084 esse
267 3030 371 3100 aliquid
392 3034 546 3084 extremum
571 3031 600 3082 et
624 3031 764 3096 tamquam
784 3027 813 3081 iu
832 3025 960 3080 arborum

23 3164 27 3169 ,
110 3107 185 3161 bacis
202 3112 349 3178 terraeque
369 3107 494 3176 frugibus
518 3105 679 3159 maturitate
702 3104 866 3173 tempestiva
883 3101 960 3170 quasi

112 3183 212 3240 vietum
225 3189 254 3243 et
263 3187 401 3252 caducum,
411 3184 486 3256 quod
498 3182 642 3238 ferendum
653 3185 697 3237 est
705 3181 824 3238 molliter
836 3178 962 3247 sapienti.
