<?xml version="1.0" encoding="UTF-8"?>
<!DOCTYPE html PUBLIC "-//W3C//DTD XHTML 1.0 Transitional//EN"
    "http://www.w3.org/TR/xhtml1/DTD/xhtml1-transitional.dtd">
<html xmlns="http://www.w3.org/1999/xhtml" xml:lang="en" lang="en">
 <head>
  <title>
</title>
<meta http-equiv="Content-Type" content="text/html;charset=utf-8" />
  <meta name='ocr-system' content='tesseract 3.04.00' />
  <meta name='ocr-capabilities' content='ocr_page ocr_carea ocr_par ocr_line ocrx_word'/>
</head>
<body>
  <div class='ocr_page' id='page_1' title='image "./catomajorsivede01longgoog_0083.png"; bbox 0 0 2242 3542; ppageno 0'>
   <div class='ocr_carea' id='block_1_1' title="bbox 143 158 675 209">
    <p class='ocr_par' dir='ltr' id='par_1_1' title="bbox 143 158 675 209">
     <span class='ocr_line' id='line_1_1' title="bbox 143 158 675 209; baseline 0.004 -2"><span class='ocrx_word' id='word_1_1' title='bbox 143 158 175 207; x_wconf 71' lang='grc'>74</span> <span class='ocrx_word' id='word_1_2' title='bbox 454 159 503 208; x_wconf 86' lang='lat' dir='ltr'>DE</span> <span class='ocrx_word' id='word_1_3' title='bbox 521 158 675 209; x_wconf 73' lang='lat' dir='ltr'>urricus</span> 
     </span>
    </p>
   </div>
   <div class='ocr_carea' id='block_1_2' title="bbox 141 240 994 3198">
    <p class='ocr_par' dir='ltr' id='par_1_2' title="bbox 141 240 994 3198">
     <span class='ocr_line' id='line_1_2' title="bbox 141 240 993 311; baseline 0.005 -18"><span class='ocrx_word' id='word_1_4' title='bbox 141 243 217 311; x_wconf 86' lang='lat' dir='ltr'>apud</span> <span class='ocrx_word' id='word_1_5' title='bbox 233 246 342 295; x_wconf 90' lang='lat' dir='ltr'>nostros</span> <span class='ocrx_word' id='word_1_6' title='bbox 360 240 468 295; x_wconf 90' lang='lat' dir='ltr'>iustitia</span> <span class='ocrx_word' id='word_1_7' title='bbox 483 244 560 295; x_wconf 87' lang='lat' dir='ltr'>culta</span> <span class='ocrx_word' id='word_1_8' title='bbox 576 249 625 311; x_wconf 92' lang='lat' dir='ltr'>est,</span> <span class='ocrx_word' id='word_1_9' title='bbox 638 248 671 295; x_wconf 92' lang='lat' dir='ltr'>ut</span> <span class='ocrx_word' id='word_1_10' title='bbox 685 243 714 310; x_wconf 88' lang='lat' dir='ltr'>ii,</span> <span class='ocrx_word' id='word_1_11' title='bbox 728 242 779 311; x_wconf 91' lang='lat' dir='ltr'>qui</span> <span class='ocrx_word' id='word_1_12' title='bbox 793 243 922 296; x_wconf 81' lang='lat' dir='ltr'>civitates</span> <span class='ocrx_word' id='word_1_13' title='bbox 937 250 993 297; x_wconf 80' lang='lat' dir='ltr'>aut</span> 
     </span>
     <span class='ocr_line' id='line_1_3' title="bbox 141 322 994 393; baseline 0.001 -18"><span class='ocrx_word' id='word_1_14' title='bbox 141 323 269 375; x_wconf 89' lang='lat' dir='ltr'>nationes</span> <span class='ocrx_word' id='word_1_15' title='bbox 282 322 407 375; x_wconf 89' lang='lat' dir='ltr'>devictas</span> <span class='ocrx_word' id='word_1_16' title='bbox 421 324 495 375; x_wconf 90' lang='lat' dir='ltr'>bello</span> <span class='ocrx_word' id='word_1_17' title='bbox 507 324 537 375; x_wconf 94' lang='lat' dir='ltr'>in</span> <span class='ocrx_word' id='word_1_18' title='bbox 547 324 632 376; x_wconf 90' lang='lat' dir='ltr'>fidem</span> <span class='ocrx_word' id='word_1_19' title='bbox 645 322 820 392; x_wconf 82' lang='lat' dir='ltr'><strong>recepissent,</strong></span> <span class='ocrx_word' id='word_1_20' title='bbox 831 340 927 377; x_wconf 85' lang='lat' dir='ltr'>earum</span> <span class='ocrx_word' id='word_1_21' title='bbox 939 340 994 393; x_wconf 84' lang='lat' dir='ltr'>pa·</span> 
     </span>
     <span class='ocr_line' id='line_1_4' title="bbox 141 404 994 473; baseline 0.002 -18"><span class='ocrx_word' id='word_1_22' title='bbox 141 404 216 456; x_wconf 91' lang='lat' dir='ltr'>troni</span> <span class='ocrx_word' id='word_1_23' title='bbox 231 408 322 455; x_wconf 80' lang='lat' dir='ltr'>essent</span> <span class='ocrx_word' id='word_1_24' title='bbox 336 420 411 455; x_wconf 91' lang='lat' dir='ltr'>more</span> <span class='ocrx_word' id='word_1_25' title='bbox 427 404 572 458; x_wconf 89' lang='lat' dir='ltr'>maiorum.</span> <span class='ocrx_word' id='word_1_26' title='bbox 611 407 653 458; x_wconf 79' lang='lat'>36.</span> <span class='ocrx_word' id='word_1_27' title='bbox 669 405 712 456; x_wconf 88' lang='lat' dir='ltr'>Ac</span> <span class='ocrx_word' id='word_1_28' title='bbox 728 405 796 457; x_wconf 88' lang='lat' dir='ltr'>belli</span> <span class='ocrx_word' id='word_1_29' title='bbox 811 406 927 473; x_wconf 90' lang='lat' dir='ltr'>quidem</span> <span class='ocrx_word' id='word_1_30' title='bbox 942 422 994 457; x_wconf 88' lang='lat' dir='ltr'>ae-</span> 
     </span>
     <span class='ocr_line' id='line_1_5' title="bbox 142 483 992 554; baseline 0.004 -20"><span class='ocrx_word' id='word_1_31' title='bbox 142 484 235 550; x_wconf 87' lang='lat' dir='ltr'>quitas</span> <span class='ocrx_word' id='word_1_32' title='bbox 245 483 416 536; x_wconf 78' lang='lat' dir='ltr'>sanctissime</span> <span class='ocrx_word' id='word_1_33' title='bbox 426 484 516 537; x_wconf 87' lang='lat' dir='ltr'>fetiali</span> <span class='ocrx_word' id='word_1_34' title='bbox 525 484 625 554; x_wconf 89' lang='lat' dir='ltr'>populi</span> <span class='ocrx_word' id='word_1_35' title='bbox 635 484 822 537; x_wconf 54' lang='lat' dir='ltr'>Rornanisiure</span> <span class='ocrx_word' id='word_1_36' title='bbox 832 484 992 554; x_wconf 86' lang='lat' dir='ltr'>perscripta</span> 
     </span>
     <span class='ocr_line' id='line_1_6' title="bbox 142 562 992 632; baseline 0.001 -17"><span class='ocrx_word' id='word_1_37' title='bbox 142 568 191 617; x_wconf 89' lang='lat' dir='ltr'>est.</span> <span class='ocrx_word' id='word_1_38' title='bbox 220 564 329 631; x_wconf 82' lang='lat' dir='ltr'>Exque</span> <span class='ocrx_word' id='word_1_39' title='bbox 339 562 468 632; x_wconf 85' lang='lat' dir='ltr'>intellegi</span> <span class='ocrx_word' id='word_1_40' title='bbox 477 566 571 632; x_wconf 89' lang='lat' dir='ltr'>potest</span> <span class='ocrx_word' id='word_1_41' title='bbox 581 564 690 615; x_wconf 91' lang='lat' dir='ltr'>nullum</span> <span class='ocrx_word' id='word_1_42' title='bbox 699 562 805 615; x_wconf 87' lang='lat' dir='ltr'>bellurn</span> <span class='ocrx_word' id='word_1_43' title='bbox 814 579 872 615; x_wconf 89' lang='lat' dir='ltr'>esse</span> <span class='ocrx_word' id='word_1_44' title='bbox 882 562 992 616; x_wconf 89' lang='lat' dir='ltr'>iustum</span> 
     </span>
     <span class='ocr_line' id='line_1_7' title="bbox 142 641 991 711; baseline 0.001 -16"><span class='ocrx_word' id='word_1_45' title='bbox 142 643 197 695; x_wconf 89' lang='lat' dir='ltr'>nisi</span> <span class='ocrx_word' id='word_1_46' title='bbox 210 643 286 710; x_wconf 87' lang='lat' dir='ltr'>quod</span> <span class='ocrx_word' id='word_1_47' title='bbox 300 648 349 694; x_wconf 91' lang='lat' dir='ltr'>aut</span> <span class='ocrx_word' id='word_1_48' title='bbox 365 642 447 694; x_wconf 91' lang='lat' dir='ltr'>rebus</span> <span class='ocrx_word' id='word_1_49' title='bbox 460 641 587 711; x_wconf 84' lang='lat' dir='ltr'>repetitis</span> <span class='ocrx_word' id='word_1_50' title='bbox 600 649 713 711; x_wconf 77' lang='lat' dir='ltr'>geratur</span> <span class='ocrx_word' id='word_1_51' title='bbox 725 647 773 693; x_wconf 90' lang='lat' dir='ltr'>aut</span> <span class='ocrx_word' id='word_1_52' title='bbox 785 642 991 696; x_wconf 81' lang='lat' dir='ltr'>denunciatum</span> 
     </span>
     <span class='ocr_line' id='line_1_8' title="bbox 142 723 991 792; baseline -0.002 -15"><span class='ocrx_word' id='word_1_53' title='bbox 142 731 207 777; x_wconf 90' lang='lat' dir='ltr'>ante</span> <span class='ocrx_word' id='word_1_54' title='bbox 220 724 256 776; x_wconf 91' lang='lat' dir='ltr'>sit</span> <span class='ocrx_word' id='word_1_55' title='bbox 270 729 297 777; x_wconf 91' lang='lat' dir='ltr'>et</span> <span class='ocrx_word' id='word_1_56' title='bbox 309 724 458 776; x_wconf 89' lang='lat' dir='ltr'>indictum.</span> <span class='ocrx_word' id='word_1_57' title='bbox 492 723 623 792; x_wconf 88' lang='lat' dir='ltr'>Popilius</span> <span class='ocrx_word' id='word_1_58' title='bbox 634 723 786 791; x_wconf 89' lang='lat' dir='ltr'>imperator</span> <span class='ocrx_word' id='word_1_59' title='bbox 798 724 912 775; x_wconf 85' lang='lat' dir='ltr'>tenebat</span> <span class='ocrx_word' id='word_1_60' title='bbox 924 740 991 792; x_wconf 72' lang='lat' dir='ltr'>pro</span> 
     </span>
     <span class='ocr_line' id='line_1_9' title="bbox 142 803 989 872; baseline 0.002 -17"><span class='ocrx_word' id='word_1_61' title='bbox 142 805 271 872; x_wconf 79' lang='lat' dir='ltr'>vinciam,</span> <span class='ocrx_word' id='word_1_62' title='bbox 282 805 313 856; x_wconf 91' lang='lat' dir='ltr'>in</span> <span class='ocrx_word' id='word_1_63' title='bbox 325 804 405 856; x_wconf 87' lang='lat' dir='ltr'>cuius</span> <span class='ocrx_word' id='word_1_64' title='bbox 418 803 542 855; x_wconf 87' lang='lat' dir='ltr'>exercitu</span> <span class='ocrx_word' id='word_1_65' title='bbox 556 803 672 855; x_wconf 85' lang='lat' dir='ltr'>Catonis</span> <span class='ocrx_word' id='word_1_66' title='bbox 683 803 758 855; x_wconf 88' lang='lat' dir='ltr'>filius</span> <span class='ocrx_word' id='word_1_67' title='bbox 771 803 824 856; x_wconf 90' lang='lat' dir='ltr'>tiro</span> <span class='ocrx_word' id='word_1_68' title='bbox 837 803 989 857; x_wconf 75' lang='lat' dir='ltr'><strong>militabat.</strong></span> 
     </span>
     <span class='ocr_line' id='line_1_10' title="bbox 142 883 990 954; baseline -0.001 -16"><span class='ocrx_word' id='word_1_69' title='bbox 142 887 212 939; x_wconf 85' lang='lat' dir='ltr'>Oum</span> <span class='ocrx_word' id='word_1_70' title='bbox 232 890 325 937; x_wconf 90' lang='lat' dir='ltr'>autem</span> <span class='ocrx_word' id='word_1_71' title='bbox 343 884 457 953; x_wconf 94' lang='lat' dir='ltr'>Popilio</span> <span class='ocrx_word' id='word_1_72' title='bbox 476 883 621 937; x_wconf 89' lang='lat' dir='ltr'>videretur</span> <span class='ocrx_word' id='word_1_73' title='bbox 639 899 724 936; x_wconf 92' lang='lat' dir='ltr'>unam</span> <span class='ocrx_word' id='word_1_74' title='bbox 741 883 883 936; x_wconf 78' lang='lat' dir='ltr'><strong>dimittere</strong></span> <span class='ocrx_word' id='word_1_75' title='bbox 900 884 990 954; x_wconf 85' lang='lat' dir='ltr'>legio·</span> 
     </span>
     <span class='ocr_line' id='line_1_11' title="bbox 141 963 991 1034; baseline 0 -17"><span class='ocrx_word' id='word_1_76' title='bbox 141 982 214 1033; x_wconf 88' lang='lat' dir='ltr'>nem,</span> <span class='ocrx_word' id='word_1_77' title='bbox 223 965 338 1019; x_wconf 80' lang='lat' dir='ltr'>Catonis</span> <span class='ocrx_word' id='word_1_78' title='bbox 351 963 570 1034; x_wconf 86' lang='lat' dir='ltr'>quoqueiilium,</span> <span class='ocrx_word' id='word_1_79' title='bbox 581 963 669 1032; x_wconf 92' lang='lat' dir='ltr'>quiin</span> <span class='ocrx_word' id='word_1_80' title='bbox 682 964 780 1016; x_wconf 88' lang='lat' dir='ltr'>eadem</span> <span class='ocrx_word' id='word_1_81' title='bbox 791 964 900 1034; x_wconf 77' lang='lat' dir='ltr'>legione</span> <span class='ocrx_word' id='word_1_82' title='bbox 913 965 991 1017; x_wconf 88' lang='lat' dir='ltr'>mili-</span> 
     </span>
     <span class='ocr_line' id='line_1_12' title="bbox 141 1044 989 1114; baseline -0.001 -16"><span class='ocrx_word' id='word_1_83' title='bbox 141 1048 229 1114; x_wconf 88' lang='lat' dir='ltr'>tabat,</span> <span class='ocrx_word' id='word_1_84' title='bbox 241 1046 357 1099; x_wconf 84' lang='lat' dir='ltr'>dimisit.</span> <span class='ocrx_word' id='word_1_85' title='bbox 397 1046 451 1097; x_wconf 84' lang='lat' dir='ltr'>Sed</span> <span class='ocrx_word' id='word_1_86' title='bbox 468 1061 532 1096; x_wconf 89' lang='lat' dir='ltr'>oum</span> <span class='ocrx_word' id='word_1_87' title='bbox 547 1060 639 1096; x_wconf 89' lang='lat' dir='ltr'>amore</span> <span class='ocrx_word' id='word_1_88' title='bbox 654 1044 803 1114; x_wconf 84' lang='lat' dir='ltr'>pugnandi</span> <span class='ocrx_word' id='word_1_89' title='bbox 816 1046 845 1097; x_wconf 92' lang='lat' dir='ltr'>in</span> <span class='ocrx_word' id='word_1_90' title='bbox 860 1045 989 1098; x_wconf 84' lang='lat' dir='ltr'>exercitu</span> 
     </span>
     <span class='ocr_line' id='line_1_13' title="bbox 142 1124 988 1194; baseline -0.001 -16"><span class='ocrx_word' id='word_1_91' title='bbox 142 1126 326 1190; x_wconf 80' lang='lat' dir='ltr'>remansisset,</span> <span class='ocrx_word' id='word_1_92' title='bbox 337 1126 407 1178; x_wconf 80' lang='lat' dir='ltr'>Cato</span> <span class='ocrx_word' id='word_1_93' title='bbox 423 1125 460 1177; x_wconf 90' lang='lat' dir='ltr'>ad</span> <span class='ocrx_word' id='word_1_94' title='bbox 476 1125 619 1193; x_wconf 90' lang='lat' dir='ltr'>Popilium</span> <span class='ocrx_word' id='word_1_95' title='bbox 635 1124 754 1194; x_wconf 80' lang='lat' dir='ltr'>scripsit,</span> <span class='ocrx_word' id='word_1_96' title='bbox 768 1131 807 1192; x_wconf 92' lang='lat' dir='ltr'>ut,</span> <span class='ocrx_word' id='word_1_97' title='bbox 821 1125 844 1176; x_wconf 92' lang='lat' dir='ltr'>si</span> <span class='ocrx_word' id='word_1_98' title='bbox 860 1142 922 1177; x_wconf 92' lang='lat' dir='ltr'>eum</span> <span class='ocrx_word' id='word_1_99' title='bbox 937 1142 988 1194; x_wconf 90' lang='lat' dir='ltr'>pa-</span> 
     </span>
     <span class='ocr_line' id='line_1_14' title="bbox 141 1205 988 1275; baseline -0.001 -17"><span class='ocrx_word' id='word_1_100' title='bbox 141 1207 211 1258; x_wconf 89' lang='lat' dir='ltr'>titur</span> <span class='ocrx_word' id='word_1_101' title='bbox 225 1206 255 1257; x_wconf 93' lang='lat' dir='ltr'>in</span> <span class='ocrx_word' id='word_1_102' title='bbox 271 1205 395 1257; x_wconf 86' lang='lat' dir='ltr'>exercitu</span> <span class='ocrx_word' id='word_1_103' title='bbox 411 1221 559 1273; x_wconf 88' lang='lat' dir='ltr'>remanere,</span> <span class='ocrx_word' id='word_1_104' title='bbox 574 1206 697 1257; x_wconf 89' lang='lat' dir='ltr'>secundo</span> <span class='ocrx_word' id='word_1_105' title='bbox 713 1222 776 1257; x_wconf 90' lang='lat' dir='ltr'>eum</span> <span class='ocrx_word' id='word_1_106' title='bbox 791 1205 899 1275; x_wconf 86' lang='lat' dir='ltr'>obliget</span> <span class='ocrx_word' id='word_1_107' title='bbox 913 1206 988 1258; x_wconf 93' lang='lat' dir='ltr'>mili-</span> 
     </span>
     <span class='ocr_line' id='line_1_15' title="bbox 142 1285 989 1354; baseline 0.001 -16"><span class='ocrx_word' id='word_1_108' title='bbox 142 1287 197 1339; x_wconf 88' lang='lat' dir='ltr'>tiae</span> <span class='ocrx_word' id='word_1_109' title='bbox 213 1290 394 1353; x_wconf 81' lang='lat' dir='ltr'>sacramente,</span> <span class='ocrx_word' id='word_1_110' title='bbox 406 1285 472 1353; x_wconf 86' lang='lat' dir='ltr'>quia</span> <span class='ocrx_word' id='word_1_111' title='bbox 484 1285 577 1354; x_wconf 89' lang='lat' dir='ltr'>priore</span> <span class='ocrx_word' id='word_1_112' title='bbox 590 1286 691 1339; x_wconf 87' lang='lat' dir='ltr'>amisso</span> <span class='ocrx_word' id='word_1_113' title='bbox 706 1286 765 1338; x_wconf 87' lang='lat' dir='ltr'>iure</span> <span class='ocrx_word' id='word_1_114' title='bbox 781 1301 845 1338; x_wconf 90' lang='lat' dir='ltr'>cum</span> <span class='ocrx_word' id='word_1_115' title='bbox 857 1286 989 1339; x_wconf 88' lang='lat' dir='ltr'>hostibus</span> 
     </span>
     <span class='ocr_line' id='line_1_16' title="bbox 141 1367 988 1437; baseline 0 -18"><span class='ocrx_word' id='word_1_116' title='bbox 141 1383 266 1437; x_wconf 86' lang='lat' dir='ltr'>pugnare</span> <span class='ocrx_word' id='word_1_117' title='bbox 282 1383 339 1418; x_wconf 92' lang='lat' dir='ltr'>non</span> <span class='ocrx_word' id='word_1_118' title='bbox 354 1369 552 1436; x_wconf 76' lang='lat' dir='ltr'>poterat-37.</span> <span class='ocrx_word' id='word_1_119' title='bbox 564 1367 646 1419; x_wconf 88' lang='lat' dir='ltr'>Adeo</span> <span class='ocrx_word' id='word_1_120' title='bbox 661 1382 769 1419; x_wconf 91' lang='lat' dir='ltr'>summa</span> <span class='ocrx_word' id='word_1_121' title='bbox 783 1372 843 1419; x_wconf 92' lang='lat' dir='ltr'>erat</span> <span class='ocrx_word' id='word_1_122' title='bbox 857 1367 988 1420; x_wconf 86' lang='lat' dir='ltr'>observa-</span> 
     </span>
     <span class='ocr_line' id='line_1_17' title="bbox 142 1447 989 1515; baseline 0.002 -16"><span class='ocrx_word' id='word_1_123' title='bbox 142 1448 183 1500; x_wconf 90' lang='lat' dir='ltr'>tio</span> <span class='ocrx_word' id='word_1_124' title='bbox 201 1448 231 1500; x_wconf 91' lang='lat' dir='ltr'>in</span> <span class='ocrx_word' id='word_1_125' title='bbox 249 1449 324 1501; x_wconf 90' lang='lat' dir='ltr'>bello</span> <span class='ocrx_word' id='word_1_126' title='bbox 344 1449 491 1500; x_wconf 86' lang='lat' dir='ltr'>movendo.</span> <span class='ocrx_word' id='word_1_127' title='bbox 529 1449 567 1501; x_wconf 88' lang='lat' dir='ltr'>M.</span> <span class='ocrx_word' id='word_1_128' title='bbox 582 1448 697 1515; x_wconf 90' lang='lat' dir='ltr'>quidem</span> <span class='ocrx_word' id='word_1_129' title='bbox 716 1447 831 1500; x_wconf 86' lang='lat' dir='ltr'>Catonis</span> <span class='ocrx_word' id='word_1_130' title='bbox 849 1448 923 1501; x_wconf 90' lang='lat' dir='ltr'>senis</span> <span class='ocrx_word' id='word_1_131' title='bbox 943 1453 989 1501; x_wconf 90' lang='lat' dir='ltr'>est</span> 
     </span>
     <span class='ocr_line' id='line_1_18' title="bbox 141 1528 987 1597; baseline 0.001 -16"><span class='ocrx_word' id='word_1_132' title='bbox 141 1530 260 1597; x_wconf 88' lang='lat' dir='ltr'>epistola</span> <span class='ocrx_word' id='word_1_133' title='bbox 278 1529 316 1581; x_wconf 89' lang='lat' dir='ltr'>ad</span> <span class='ocrx_word' id='word_1_134' title='bbox 334 1530 371 1581; x_wconf 88' lang='lat' dir='ltr'>M.</span> <span class='ocrx_word' id='word_1_135' title='bbox 385 1528 481 1594; x_wconf 89' lang='lat' dir='ltr'>filium,</span> <span class='ocrx_word' id='word_1_136' title='bbox 495 1528 525 1580; x_wconf 89' lang='lat' dir='ltr'>in</span> <span class='ocrx_word' id='word_1_137' title='bbox 544 1544 601 1595; x_wconf 91' lang='lat' dir='ltr'>qua</span> <span class='ocrx_word' id='word_1_138' title='bbox 622 1528 719 1579; x_wconf 84' lang='lat' dir='ltr'>scribit</span> <span class='ocrx_word' id='word_1_139' title='bbox 740 1544 769 1579; x_wconf 91' lang='lat' dir='ltr'>se</span> <span class='ocrx_word' id='word_1_140' title='bbox 790 1529 900 1581; x_wconf 87' lang='lat' dir='ltr'>audisse</span> <span class='ocrx_word' id='word_1_141' title='bbox 921 1545 987 1582; x_wconf 89' lang='lat' dir='ltr'>eum</span> 
     </span>
     <span class='ocr_line' id='line_1_19' title="bbox 142 1607 984 1674; baseline 0.004 -14"><span class='ocrx_word' id='word_1_142' title='bbox 142 1610 256 1661; x_wconf 87' lang='lat' dir='ltr'>missurn</span> <span class='ocrx_word' id='word_1_143' title='bbox 266 1608 372 1661; x_wconf 87' lang='lat' dir='ltr'>facturn</span> <span class='ocrx_word' id='word_1_144' title='bbox 385 1625 442 1661; x_wconf 90' lang='lat' dir='ltr'>esse</span> <span class='ocrx_word' id='word_1_145' title='bbox 456 1625 472 1661; x_wconf 90' lang='lat' dir='ltr'>a</span> <span class='ocrx_word' id='word_1_146' title='bbox 485 1609 606 1674; x_wconf 89' lang='lat' dir='ltr'>consule,</span> <span class='ocrx_word' id='word_1_147' title='bbox 617 1623 680 1659; x_wconf 90' lang='lat' dir='ltr'>cum</span> <span class='ocrx_word' id='word_1_148' title='bbox 691 1607 720 1659; x_wconf 90' lang='lat' dir='ltr'>in</span> <span class='ocrx_word' id='word_1_149' title='bbox 730 1609 896 1661; x_wconf 86' lang='lat' dir='ltr'>Macedonia</span> <span class='ocrx_word' id='word_1_150' title='bbox 909 1610 984 1663; x_wconf 90' lang='lat' dir='ltr'>bello</span> 
     </span>
     <span class='ocr_line' id='line_1_20' title="bbox 141 1686 985 1756; baseline 0 -19"><span class='ocrx_word' id='word_1_151' title='bbox 141 1686 252 1739; x_wconf 89' lang='lat' dir='ltr'>Persico</span> <span class='ocrx_word' id='word_1_152' title='bbox 270 1687 351 1739; x_wconf 89' lang='lat' dir='ltr'>miles</span> <span class='ocrx_word' id='word_1_153' title='bbox 366 1693 444 1741; x_wconf 92' lang='lat' dir='ltr'>esset.</span> <span class='ocrx_word' id='word_1_154' title='bbox 482 1688 579 1740; x_wconf 91' lang='lat' dir='ltr'>Monet</span> <span class='ocrx_word' id='word_1_155' title='bbox 593 1687 682 1756; x_wconf 85' lang='lat' dir='ltr'>igitur</span> <span class='ocrx_word' id='word_1_156' title='bbox 697 1692 728 1738; x_wconf 91' lang='lat' dir='ltr'>ut</span> <span class='ocrx_word' id='word_1_157' title='bbox 744 1691 842 1739; x_wconf 80' lang='lat' dir='ltr'>caveat</span> <span class='ocrx_word' id='word_1_158' title='bbox 856 1702 891 1737; x_wconf 92' lang='lat' dir='ltr'>ne</span> <span class='ocrx_word' id='word_1_159' title='bbox 906 1700 985 1754; x_wconf 80' lang='lat' dir='ltr'>proe-</span> 
     </span>
     <span class='ocr_line' id='line_1_21' title="bbox 142 1764 987 1836; baseline 0 -19"><span class='ocrx_word' id='word_1_160' title='bbox 142 1766 211 1819; x_wconf 91' lang='lat' dir='ltr'>lium</span> <span class='ocrx_word' id='word_1_161' title='bbox 223 1766 313 1820; x_wconf 89' lang='lat' dir='ltr'>ineat:</span> <span class='ocrx_word' id='word_1_162' title='bbox 333 1774 419 1836; x_wconf 85' lang='lat' dir='ltr'>negat</span> <span class='ocrx_word' id='word_1_163' title='bbox 432 1767 506 1819; x_wconf 93' lang='lat' dir='ltr'>enim</span> <span class='ocrx_word' id='word_1_164' title='bbox 518 1767 562 1820; x_wconf 88' lang='lat' dir='ltr'>ius</span> <span class='ocrx_word' id='word_1_165' title='bbox 574 1784 632 1819; x_wconf 89' lang='lat' dir='ltr'>esse</span> <span class='ocrx_word' id='word_1_166' title='bbox 645 1766 695 1835; x_wconf 92' lang='lat' dir='ltr'>qui</span> <span class='ocrx_word' id='word_1_167' title='bbox 710 1767 790 1818; x_wconf 88' lang='lat' dir='ltr'>miles</span> <span class='ocrx_word' id='word_1_168' title='bbox 802 1783 858 1818; x_wconf 93' lang='lat' dir='ltr'>non</span> <span class='ocrx_word' id='word_1_169' title='bbox 871 1764 909 1818; x_wconf 91' lang='lat' dir='ltr'>sit</span> <span class='ocrx_word' id='word_1_170' title='bbox 920 1782 987 1818; x_wconf 90' lang='lat' dir='ltr'>cum</span> 
     </span>
     <span class='ocr_line' id='line_1_22' title="bbox 143 1846 986 1917; baseline 0.001 -19"><span class='ocrx_word' id='word_1_171' title='bbox 143 1847 221 1899; x_wconf 80' lang='lat' dir='ltr'>lioste</span> <span class='ocrx_word' id='word_1_172' title='bbox 244 1864 375 1917; x_wconf 84' lang='lat' dir='ltr'>pugnare.</span> <span class='ocrx_word' id='word_1_173' title='bbox 413 1848 477 1900; x_wconf 90' lang='lat' dir='ltr'><strong>XII.</strong></span> <span class='ocrx_word' id='word_1_174' title='bbox 497 1847 638 1915; x_wconf 85' lang='lat' dir='ltr'>Equidem</span> <span class='ocrx_word' id='word_1_175' title='bbox 660 1847 745 1899; x_wconf 90' lang='lat' dir='ltr'>etiam</span> <span class='ocrx_word' id='word_1_176' title='bbox 766 1847 839 1899; x_wconf 90' lang='lat' dir='ltr'>illud</span> <span class='ocrx_word' id='word_1_177' title='bbox 861 1846 986 1899; x_wconf 88' lang='lat' dir='ltr'>animad-</span> 
     </span>
     <span class='ocr_line' id='line_1_23' title="bbox 142 1927 987 1997; baseline 0.001 -20"><span class='ocrx_word' id='word_1_178' title='bbox 142 1934 228 1994; x_wconf 86' lang='lat' dir='ltr'>verto,</span> <span class='ocrx_word' id='word_1_179' title='bbox 242 1929 328 1995; x_wconf 90' lang='lat' dir='ltr'>quod,</span> <span class='ocrx_word' id='word_1_180' title='bbox 342 1928 391 1995; x_wconf 93' lang='lat' dir='ltr'>qui</span> <span class='ocrx_word' id='word_1_181' title='bbox 403 1928 518 1997; x_wconf 82' lang='lat' dir='ltr'>proprio</span> <span class='ocrx_word' id='word_1_182' title='bbox 533 1928 646 1981; x_wconf 89' lang='lat' dir='ltr'>nomine</span> <span class='ocrx_word' id='word_1_183' title='bbox 660 1932 675 1956; x_wconf 85' lang='lat'><strong>“</strong></span> <span class='ocrx_word' id='word_1_184' title='bbox 684 1927 856 1997; x_wconf 85' lang='lat' dir='ltr'>perduellis”</span> <span class='ocrx_word' id='word_1_185' title='bbox 868 1932 947 1993; x_wconf 91' lang='lat' dir='ltr'>esset,</span> <span class='ocrx_word' id='word_1_186' title='bbox 961 1927 987 1979; x_wconf 92' lang='lat' dir='ltr'>is</span> 
     </span>
     <span class='ocr_line' id='line_1_24' title="bbox 143 2007 985 2076; baseline -0.002 -15"><span class='ocrx_word' id='word_1_187' title='bbox 143 2008 277 2061; x_wconf 80' lang='lat' dir='ltr'>“hostis&#39;’</span> <span class='ocrx_word' id='word_1_188' title='bbox 294 2015 447 2076; x_wconf 84' lang='lat' dir='ltr'>vocaretur,</span> <span class='ocrx_word' id='word_1_189' title='bbox 463 2009 580 2062; x_wconf 85' lang='lat' dir='ltr'>lenitate</span> <span class='ocrx_word' id='word_1_190' title='bbox 597 2008 675 2061; x_wconf 88' lang='lat' dir='ltr'>verbi</span> <span class='ocrx_word' id='word_1_191' title='bbox 693 2008 733 2060; x_wconf 90' lang='lat' dir='ltr'>rei</span> <span class='ocrx_word' id='word_1_192' title='bbox 750 2008 894 2060; x_wconf 83' lang='lat' dir='ltr'>tristitiam</span> <span class='ocrx_word' id='word_1_193' title='bbox 912 2007 985 2059; x_wconf 90' lang='lat' dir='ltr'>miti-</span> 
     </span>
     <span class='ocr_line' id='line_1_25' title="bbox 142 2088 983 2159; baseline -0.004 -17"><span class='ocrx_word' id='word_1_194' title='bbox 142 2096 244 2158; x_wconf 83' lang='lat' dir='ltr'>gatam.</span> <span class='ocrx_word' id='word_1_195' title='bbox 282 2090 378 2143; x_wconf 90' lang='lat' dir='ltr'>Hostis</span> <span class='ocrx_word' id='word_1_196' title='bbox 396 2089 471 2142; x_wconf 90' lang='lat' dir='ltr'>enim</span> <span class='ocrx_word' id='word_1_197' title='bbox 486 2090 564 2159; x_wconf 89' lang='lat' dir='ltr'>apud</span> <span class='ocrx_word' id='word_1_198' title='bbox 578 2089 695 2141; x_wconf 88' lang='lat' dir='ltr'>maiores</span> <span class='ocrx_word' id='word_1_199' title='bbox 713 2095 822 2140; x_wconf 89' lang='lat' dir='ltr'>nostros</span> <span class='ocrx_word' id='word_1_200' title='bbox 836 2088 860 2141; x_wconf 88' lang='lat' dir='ltr'>is</span> <span class='ocrx_word' id='word_1_201' title='bbox 876 2088 983 2140; x_wconf 87' lang='lat' dir='ltr'>diceba·</span> 
     </span>
     <span class='ocr_line' id='line_1_26' title="bbox 142 2168 986 2239; baseline 0 -19"><span class='ocrx_word' id='word_1_202' title='bbox 142 2179 195 2235; x_wconf 92' lang='lat' dir='ltr'>tur,</span> <span class='ocrx_word' id='word_1_203' title='bbox 205 2186 288 2238; x_wconf 88' lang='lat' dir='ltr'>quern</span> <span class='ocrx_word' id='word_1_204' title='bbox 297 2186 372 2222; x_wconf 88' lang='lat' dir='ltr'>nune</span> <span class='ocrx_word' id='word_1_205' title='bbox 383 2172 397 2198; x_wconf 79' lang='lat'>‘⁴</span> <span class='ocrx_word' id='word_1_206' title='bbox 406 2169 606 2239; x_wconf 85' lang='lat' dir='ltr'>peregrinum”</span> <span class='ocrx_word' id='word_1_207' title='bbox 617 2168 745 2221; x_wconf 88' lang='lat' dir='ltr'>dicimus.</span> <span class='ocrx_word' id='word_1_208' title='bbox 776 2169 908 2221; x_wconf 85' lang='lat' dir='ltr'>Indicant</span> <span class='ocrx_word' id='word_1_209' title='bbox 917 2170 986 2220; x_wconf 89' lang='lat' dir='ltr'>duo·</span> 
     </span>
     <span class='ocr_line' id='line_1_27' title="bbox 142 2249 985 2318; baseline 0.002 -17"><span class='ocrx_word' id='word_1_210' title='bbox 142 2251 235 2303; x_wconf 84' lang='lat' dir='ltr'>decim</span> <span class='ocrx_word' id='word_1_211' title='bbox 253 2252 373 2317; x_wconf 86' lang='lat' dir='ltr'>tabulae,</span> <span class='ocrx_word' id='word_1_212' title='bbox 387 2256 419 2302; x_wconf 92' lang='lat' dir='ltr'>ut</span> <span class='ocrx_word' id='word_1_213' title='bbox 438 2265 543 2303; x_wconf 79' lang='lat' dir='ltr'>smnus</span> <span class='ocrx_word' id='word_1_214' title='bbox 562 2264 631 2301; x_wconf 85' lang='lat' dir='ltr'>nme</span> <span class='ocrx_word' id='word_1_215' title='bbox 649 2264 711 2302; x_wconf 77' lang='lat' dir='ltr'>cust</span> <span class='ocrx_word' id='word_1_216' title='bbox 730 2264 832 2318; x_wconf 81' lang='lat' dir='ltr'>nosrn,</span> <span class='ocrx_word' id='word_1_217' title='bbox 847 2249 985 2317; x_wconf 88' lang='lat' dir='ltr'>itemque:</span> 
     </span>
     <span class='ocr_line' id='line_1_28' title="bbox 142 2330 985 2394; baseline 0.001 -13"><span class='ocrx_word' id='word_1_218' title='bbox 142 2345 296 2383; x_wconf 75' lang='lat' dir='ltr'>anvnrrsus</span> <span class='ocrx_word' id='word_1_219' title='bbox 319 2346 437 2382; x_wconf 82' lang='lat' dir='ltr'>nosrnnr</span> <span class='ocrx_word' id='word_1_220' title='bbox 462 2346 601 2382; x_wconf 73' lang='lat' dir='ltr'>aurnuns</span> <span class='ocrx_word' id='word_1_221' title='bbox 622 2345 809 2383; x_wconf 74' lang='lat' dir='ltr'>nucroarras.</span> <span class='ocrx_word' id='word_1_222' title='bbox 852 2330 928 2394; x_wconf 82' lang='lat' dir='ltr'>Quid</span> <span class='ocrx_word' id='word_1_223' title='bbox 949 2331 985 2382; x_wconf 85' lang='lat' dir='ltr'>ad</span> 
     </span>
     <span class='ocr_line' id='line_1_29' title="bbox 143 2410 986 2479; baseline 0.001 -18"><span class='ocrx_word' id='word_1_224' title='bbox 143 2410 215 2462; x_wconf 80' lang='lat' dir='ltr'>lianc</span> <span class='ocrx_word' id='word_1_225' title='bbox 228 2410 470 2462; x_wconf 87' lang='lat' dir='ltr'>mansuetudinem</span> <span class='ocrx_word' id='word_1_226' title='bbox 483 2410 552 2463; x_wconf 88' lang='lat' dir='ltr'>addi</span> <span class='ocrx_word' id='word_1_227' title='bbox 562 2415 664 2479; x_wconf 92' lang='lat' dir='ltr'>potest,</span> <span class='ocrx_word' id='word_1_228' title='bbox 675 2427 746 2477; x_wconf 87' lang='lat' dir='ltr'>oum,</span> <span class='ocrx_word' id='word_1_229' title='bbox 758 2410 872 2477; x_wconf 90' lang='lat' dir='ltr'>quicum</span> <span class='ocrx_word' id='word_1_230' title='bbox 882 2411 986 2462; x_wconf 87' lang='lat' dir='ltr'>bellurn</span> 
     </span>
     <span class='ocr_line' id='line_1_30' title="bbox 142 2490 986 2559; baseline 0 -17"><span class='ocrx_word' id='word_1_231' title='bbox 142 2506 231 2558; x_wconf 87' lang='lat' dir='ltr'>geras,</span> <span class='ocrx_word' id='word_1_232' title='bbox 247 2494 306 2542; x_wconf 90' lang='lat' dir='ltr'>tam</span> <span class='ocrx_word' id='word_1_233' title='bbox 327 2490 406 2542; x_wconf 89' lang='lat' dir='ltr'>molli</span> <span class='ocrx_word' id='word_1_234' title='bbox 427 2490 539 2543; x_wconf 92' lang='lat' dir='ltr'>nomine</span> <span class='ocrx_word' id='word_1_235' title='bbox 560 2491 720 2559; x_wconf 78' lang='lat' dir='ltr'>appellaret</span> <span class='ocrx_word' id='word_1_236' title='bbox 757 2492 933 2559; x_wconf 77' lang='lat' dir='ltr'>Quamquam</span> <span class='ocrx_word' id='word_1_237' title='bbox 954 2490 986 2543; x_wconf 90' lang='lat' dir='ltr'>id</span> 
     </span>
     <span class='ocr_line' id='line_1_31' title="bbox 143 2569 986 2640; baseline 0.001 -18"><span class='ocrx_word' id='word_1_238' title='bbox 143 2586 243 2622; x_wconf 86' lang='lat' dir='ltr'>nornen</span> <span class='ocrx_word' id='word_1_239' title='bbox 255 2570 352 2623; x_wconf 88' lang='lat' dir='ltr'>durius</span> <span class='ocrx_word' id='word_1_240' title='bbox 362 2569 452 2623; x_wconf 86' lang='lat' dir='ltr'>effecit</span> <span class='ocrx_word' id='word_1_241' title='bbox 462 2570 518 2623; x_wconf 90' lang='lat' dir='ltr'>iam</span> <span class='ocrx_word' id='word_1_242' title='bbox 525 2577 665 2624; x_wconf 87' lang='lat' dir='ltr'>vetustas:</span> <span class='ocrx_word' id='word_1_243' title='bbox 682 2571 936 2640; x_wconf 87' lang='lat' dir='ltr'>aperegu&#39;noenim</span> <span class='ocrx_word' id='word_1_244' title='bbox 947 2585 986 2623; x_wconf 77' lang='lat' dir='ltr'>ro</span> 
     </span>
     <span class='ocr_line' id='line_1_32' title="bbox 145 2650 985 2720; baseline 0 -18"><span class='ocrx_word' id='word_1_245' title='bbox 145 2650 225 2703; x_wconf 85' lang='lat' dir='ltr'>cessit</span> <span class='ocrx_word' id='word_1_246' title='bbox 240 2655 268 2702; x_wconf 88' lang='lat' dir='ltr'>et</span> <span class='ocrx_word' id='word_1_247' title='bbox 283 2650 394 2720; x_wconf 88' lang='lat' dir='ltr'>proprie</span> <span class='ocrx_word' id='word_1_248' title='bbox 410 2650 440 2702; x_wconf 93' lang='lat' dir='ltr'>in</span> <span class='ocrx_word' id='word_1_249' title='bbox 455 2668 496 2717; x_wconf 89' lang='lat' dir='ltr'>eo,</span> <span class='ocrx_word' id='word_1_250' title='bbox 510 2651 559 2719; x_wconf 92' lang='lat' dir='ltr'>qui</span> <span class='ocrx_word' id='word_1_251' title='bbox 575 2668 651 2703; x_wconf 87' lang='lat' dir='ltr'>arma</span> <span class='ocrx_word' id='word_1_252' title='bbox 667 2657 763 2703; x_wconf 86' lang='lat' dir='ltr'>contra</span> <span class='ocrx_word' id='word_1_253' title='bbox 777 2651 868 2719; x_wconf 84' lang='lat' dir='ltr'>ferret,</span> <span class='ocrx_word' id='word_1_254' title='bbox 882 2667 985 2703; x_wconf 88' lang='lat' dir='ltr'>reman-</span> 
     </span>
     <span class='ocr_line' id='line_1_33' title="bbox 143 2731 987 2801; baseline -0.001 -18"><span class='ocrx_word' id='word_1_255' title='bbox 143 2731 188 2783; x_wconf 89' lang='lat' dir='ltr'>sit.</span> <span class='ocrx_word' id='word_1_256' title='bbox 227 2733 268 2785; x_wconf 88' lang='lat'>38.</span> <span class='ocrx_word' id='word_1_257' title='bbox 285 2733 356 2785; x_wconf 87' lang='lat' dir='ltr'>Cum</span> <span class='ocrx_word' id='word_1_258' title='bbox 380 2748 446 2784; x_wconf 88' lang='lat' dir='ltr'>vero</span> <span class='ocrx_word' id='word_1_259' title='bbox 472 2732 508 2783; x_wconf 90' lang='lat' dir='ltr'>de</span> <span class='ocrx_word' id='word_1_260' title='bbox 532 2732 651 2801; x_wconf 89' lang='lat' dir='ltr'>imperio</span> <span class='ocrx_word' id='word_1_261' title='bbox 676 2732 836 2783; x_wconf 86' lang='lat' dir='ltr'>decertatur</span> <span class='ocrx_word' id='word_1_262' title='bbox 857 2732 987 2799; x_wconf 90' lang='lat' dir='ltr'>belloque</span> 
     </span>
     <span class='ocr_line' id='line_1_34' title="bbox 143 2811 986 2880; baseline -0.004 -16"><span class='ocrx_word' id='word_1_263' title='bbox 143 2811 286 2879; x_wconf 87' lang='lat' dir='ltr'>quaeritur</span> <span class='ocrx_word' id='word_1_264' title='bbox 299 2812 397 2880; x_wconf 78' lang='lat' dir='ltr'>gloria,</span> <span class='ocrx_word' id='word_1_265' title='bbox 409 2828 505 2864; x_wconf 88' lang='lat' dir='ltr'>causas</span> <span class='ocrx_word' id='word_1_266' title='bbox 518 2812 633 2864; x_wconf 88' lang='lat' dir='ltr'>omnino</span> <span class='ocrx_word' id='word_1_267' title='bbox 646 2813 756 2863; x_wconf 87' lang='lat' dir='ltr'>subesse</span> <span class='ocrx_word' id='word_1_268' title='bbox 769 2816 863 2863; x_wconf 78' lang='lat' dir='ltr'>tannen</span> <span class='ocrx_word' id='word_1_269' title='bbox 876 2816 986 2880; x_wconf 87' lang='lat' dir='ltr'>oportet</span> 
     </span>
     <span class='ocr_line' id='line_1_35' title="bbox 144 2892 985 2962; baseline -0.002 -18"><span class='ocrx_word' id='word_1_270' title='bbox 144 2892 262 2958; x_wconf 86' lang='lat' dir='ltr'>easdem,</span> <span class='ocrx_word' id='word_1_271' title='bbox 277 2908 346 2959; x_wconf 91' lang='lat' dir='ltr'>quas</span> <span class='ocrx_word' id='word_1_272' title='bbox 359 2893 420 2944; x_wconf 83' lang='lat' dir='ltr'>dixi</span> <span class='ocrx_word' id='word_1_273' title='bbox 432 2894 528 2962; x_wconf 86' lang='lat' dir='ltr'>paullo</span> <span class='ocrx_word' id='word_1_274' title='bbox 541 2897 605 2944; x_wconf 88' lang='lat' dir='ltr'>ante</span> <span class='ocrx_word' id='word_1_275' title='bbox 621 2893 709 2944; x_wconf 90' lang='lat' dir='ltr'>iustas</span> <span class='ocrx_word' id='word_1_276' title='bbox 721 2908 818 2943; x_wconf 89' lang='lat' dir='ltr'>causas</span> <span class='ocrx_word' id='word_1_277' title='bbox 831 2908 888 2944; x_wconf 88' lang='lat' dir='ltr'>esse</span> <span class='ocrx_word' id='word_1_278' title='bbox 901 2892 985 2943; x_wconf 84' lang='lat' dir='ltr'>bello</span> 
     </span>
     <span class='ocr_line' id='line_1_36' title="bbox 144 2970 984 3039; baseline 0 -16"><span class='ocrx_word' id='word_1_279' title='bbox 144 2988 213 3025; x_wconf 89' lang='lat' dir='ltr'>rum.</span> <span class='ocrx_word' id='word_1_280' title='bbox 252 2972 307 3024; x_wconf 85' lang='lat' dir='ltr'>Sed</span> <span class='ocrx_word' id='word_1_281' title='bbox 317 2988 349 3023; x_wconf 91' lang='lat' dir='ltr'>ea</span> <span class='ocrx_word' id='word_1_282' title='bbox 359 2972 439 3039; x_wconf 88' lang='lat' dir='ltr'>bella,</span> <span class='ocrx_word' id='word_1_283' title='bbox 451 2971 554 3039; x_wconf 91' lang='lat' dir='ltr'>quibus</span> <span class='ocrx_word' id='word_1_284' title='bbox 563 2970 674 3039; x_wconf 88' lang='lat' dir='ltr'>imperii</span> <span class='ocrx_word' id='word_1_285' title='bbox 684 2970 828 3039; x_wconf 90' lang='lat' dir='ltr'>proposita</span> <span class='ocrx_word' id='word_1_286' title='bbox 838 2971 928 3039; x_wconf 83' lang='lat' dir='ltr'>gloria</span> <span class='ocrx_word' id='word_1_287' title='bbox 937 2976 984 3032; x_wconf 74' lang='lat' dir='ltr'>est,</span> 
     </span>
     <span class='ocr_line' id='line_1_37' title="bbox 145 3049 984 3120; baseline 0 -18"><span class='ocrx_word' id='word_1_288' title='bbox 145 3052 236 3104; x_wconf 88' lang='lat' dir='ltr'>minus</span> <span class='ocrx_word' id='word_1_289' title='bbox 255 3052 352 3105; x_wconf 86' lang='lat' dir='ltr'>acerbe</span> <span class='ocrx_word' id='word_1_290' title='bbox 371 3052 495 3120; x_wconf 87' lang='lat' dir='ltr'>gerenda</span> <span class='ocrx_word' id='word_1_291' title='bbox 517 3056 590 3103; x_wconf 88' lang='lat' dir='ltr'>sunt.</span> <span class='ocrx_word' id='word_1_292' title='bbox 629 3052 668 3103; x_wconf 90' lang='lat' dir='ltr'>Ut</span> <span class='ocrx_word' id='word_1_293' title='bbox 686 3049 760 3101; x_wconf 90' lang='lat' dir='ltr'>enim</span> <span class='ocrx_word' id='word_1_294' title='bbox 783 3066 847 3101; x_wconf 90' lang='lat' dir='ltr'>eum</span> <span class='ocrx_word' id='word_1_295' title='bbox 866 3050 984 3102; x_wconf 86' lang='lat' dir='ltr'>civiliter</span> 
     </span>
     <span class='ocr_line' id='line_1_38' title="bbox 145 3127 983 3198; baseline -0.002 -17"><span class='ocrx_word' id='word_1_296' title='bbox 145 3131 348 3195; x_wconf 88' lang='lat' dir='ltr'>contendimus,</span> <span class='ocrx_word' id='word_1_297' title='bbox 362 3131 450 3195; x_wconf 86' lang='lat' dir='ltr'>aliter,</span> <span class='ocrx_word' id='word_1_298' title='bbox 463 3130 487 3182; x_wconf 91' lang='lat' dir='ltr'>si</span> <span class='ocrx_word' id='word_1_299' title='bbox 503 3134 544 3181; x_wconf 89' lang='lat' dir='ltr'>est</span> <span class='ocrx_word' id='word_1_300' title='bbox 561 3127 700 3195; x_wconf 89' lang='lat' dir='ltr'>inimicus,</span> <span class='ocrx_word' id='word_1_301' title='bbox 713 3127 802 3194; x_wconf 90' lang='lat' dir='ltr'>aliter,</span> <span class='ocrx_word' id='word_1_302' title='bbox 816 3128 837 3180; x_wconf 90' lang='lat' dir='ltr'>si</span> <span class='ocrx_word' id='word_1_303' title='bbox 854 3129 983 3198; x_wconf 89' lang='lat' dir='ltr'>competi·</span> 
     </span>
    </p>
   </div>
   <div class='ocr_carea' id='block_1_3' title="bbox 0 0 1126 3542">
    <p class='ocr_par' dir='ltr' id='par_1_3' title="bbox 0 0 1126 3542">
     <span class='ocr_line' id='line_1_39' title="bbox 0 0 1126 3542; baseline 0 0"><span class='ocrx_word' id='word_1_304' title='bbox 0 0 1126 3542; x_wconf 95' lang='lat' dir='ltr'> </span> 
     </span>
    </p>
   </div>
  </div>
 </body>
</html>
